bid_price,bid_size,ask_price,ask_size,protocol_name,timestamp
26849.0,0.31731,26856.0,0.47834,Hyperliquid,2023-10-14 12:24:04.343975
26848.0,3.08642,26857.0,0.0082,Hyperliquid,2023-10-14 12:24:04.343975
26847.0,3.0005,26859.0,0.02041,Hyperliquid,2023-10-14 12:24:04.343975
26844.0,0.00897,26860.0,4.8842,Hyperliquid,2023-10-14 12:24:04.343975
26843.0,6.47917,26863.0,0.34422,Hyperliquid,2023-10-14 12:24:04.343975
26829.0,3.23555,26864.0,4.84163,Hyperliquid,2023-10-14 12:24:04.343975
26825.0,2.73239,26866.0,0.00897,Hyperliquid,2023-10-14 12:24:04.343975
26800.0,3.31095,26867.0,0.00897,Hyperliquid,2023-10-14 12:24:04.343975
26792.0,3.24747,26887.0,2.37046,Hyperliquid,2023-10-14 12:24:04.343975
26756.0,2.82664,26890.0,2.48257,Hyperliquid,2023-10-14 12:24:04.343975
26755.0,2.7643,26930.0,6.39108,Hyperliquid,2023-10-14 12:24:04.343975
26673.0,0.03,26950.0,1.64191,Hyperliquid,2023-10-14 12:24:04.343975
26652.0,14.78171,27000.0,0.255,Hyperliquid,2023-10-14 12:24:04.343975
26644.0,14.96244,27002.0,3.22995,Hyperliquid,2023-10-14 12:24:04.343975
26608.0,0.01679,27011.0,2.78316,Hyperliquid,2023-10-14 12:24:04.343975
26600.0,0.03,27050.0,0.255,Hyperliquid,2023-10-14 12:24:04.343975
26541.0,13.28684,27100.0,0.255,Hyperliquid,2023-10-14 12:24:04.343975
26533.0,14.78797,27145.0,0.00551,Hyperliquid,2023-10-14 12:24:04.343975
26511.0,0.1,27150.0,0.27155,Hyperliquid,2023-10-14 12:24:04.343975
26472.0,0.72268,27158.0,15.7339,Hyperliquid,2023-10-14 12:24:04.343975
26891.0,0.00602,26898.0,0.48212,Hyperliquid,2023-10-14 13:14:26.744623
26890.0,0.62511,26899.0,0.01993,Hyperliquid,2023-10-14 13:14:26.744623
26887.0,12.38727,26900.0,0.34368,Hyperliquid,2023-10-14 13:14:26.744623
26879.0,0.01794,26901.0,5.04622,Hyperliquid,2023-10-14 13:14:26.744623
26863.0,2.97082,26904.0,0.01794,Hyperliquid,2023-10-14 13:14:26.744623
26862.0,2.99397,26905.0,4.99613,Hyperliquid,2023-10-14 13:14:26.744623
26839.0,3.11249,26925.0,2.35312,Hyperliquid,2023-10-14 13:14:26.744623
26837.0,3.16031,26927.0,2.45995,Hyperliquid,2023-10-14 13:14:26.744623
26778.0,6.2462,26950.0,1.64191,Hyperliquid,2023-10-14 13:14:26.744623
26673.0,0.03,26963.0,5.63834,Hyperliquid,2023-10-14 13:14:26.744623
26652.0,14.78171,27000.0,0.255,Hyperliquid,2023-10-14 13:14:26.744623
26644.0,14.96244,27011.0,2.78316,Hyperliquid,2023-10-14 13:14:26.744623
26608.0,0.01679,27032.0,3.05126,Hyperliquid,2023-10-14 13:14:26.744623
26600.0,0.03,27050.0,0.255,Hyperliquid,2023-10-14 13:14:26.744623
26541.0,13.28684,27100.0,0.255,Hyperliquid,2023-10-14 13:14:26.744623
26533.0,14.78797,27145.0,0.00551,Hyperliquid,2023-10-14 13:14:26.744623
26511.0,0.1,27150.0,0.27155,Hyperliquid,2023-10-14 13:14:26.744623
26472.0,0.72268,27158.0,15.7339,Hyperliquid,2023-10-14 13:14:26.744623
26367.0,0.72268,27160.0,0.00319,Hyperliquid,2023-10-14 13:14:26.744623
26361.0,0.00193,27165.0,0.004,Hyperliquid,2023-10-14 13:14:26.744623
26901.0,0.62217,26907.0,0.01829,Hyperliquid,2023-10-14 14:11:06.862456
26898.0,6.02256,26908.0,0.52865,Hyperliquid,2023-10-14 14:11:06.862456
26895.0,5.91106,26910.0,0.34382,Hyperliquid,2023-10-14 14:11:06.862456
26890.0,0.00897,26911.0,2.56996,Hyperliquid,2023-10-14 14:11:06.862456
26887.0,0.00897,26912.0,0.01794,Hyperliquid,2023-10-14 14:11:06.862456
26876.0,5.91488,26913.0,2.69394,Hyperliquid,2023-10-14 14:11:06.862456
26844.0,6.26621,26914.0,5.00846,Hyperliquid,2023-10-14 14:11:06.862456
26798.0,3.24243,26939.0,5.14041,Hyperliquid,2023-10-14 14:11:06.862456
26797.0,3.23339,26950.0,1.64191,Hyperliquid,2023-10-14 14:11:06.862456
26696.0,15.23035,26979.0,5.8364,Hyperliquid,2023-10-14 14:11:06.862456
26688.0,15.47105,27000.0,0.255,Hyperliquid,2023-10-14 14:11:06.862456
26673.0,0.03,27032.0,3.05126,Hyperliquid,2023-10-14 14:11:06.862456
26608.0,0.01679,27041.0,3.29284,Hyperliquid,2023-10-14 14:11:06.862456
26600.0,0.03,27050.0,0.255,Hyperliquid,2023-10-14 14:11:06.862456
26541.0,13.28684,27100.0,0.255,Hyperliquid,2023-10-14 14:11:06.862456
26533.0,14.78797,27145.0,0.00551,Hyperliquid,2023-10-14 14:11:06.862456
26511.0,0.1,27150.0,0.27155,Hyperliquid,2023-10-14 14:11:06.862456
26472.0,0.72268,27158.0,15.7339,Hyperliquid,2023-10-14 14:11:06.862456
26367.0,0.72268,27160.0,0.00319,Hyperliquid,2023-10-14 14:11:06.862456
26361.0,0.00193,27165.0,0.004,Hyperliquid,2023-10-14 14:11:06.862456
26899.0,0.00739,26905.0,0.49184,Hyperliquid,2023-10-14 15:12:21.934575
26898.0,0.58096,26907.0,0.00073,Hyperliquid,2023-10-14 15:12:21.934575
26896.0,6.08153,26908.0,0.01704,Hyperliquid,2023-10-14 15:12:21.934575
26893.0,6.25366,26909.0,0.34381,Hyperliquid,2023-10-14 15:12:21.934575
26886.0,0.00897,26910.0,5.41658,Hyperliquid,2023-10-14 15:12:21.934575
26885.0,0.00897,26914.0,5.4392,Hyperliquid,2023-10-14 15:12:21.934575
26873.0,3.06474,26932.0,5.32066,Hyperliquid,2023-10-14 15:12:21.934575
26872.0,2.91569,26950.0,1.64191,Hyperliquid,2023-10-14 15:12:21.934575
26845.0,2.8443,26963.0,2.78846,Hyperliquid,2023-10-14 15:12:21.934575
26838.0,2.73263,26972.0,3.24735,Hyperliquid,2023-10-14 15:12:21.934575
26780.0,3.21547,27000.0,0.255,Hyperliquid,2023-10-14 15:12:21.934575
26773.0,2.86538,27024.0,2.71648,Hyperliquid,2023-10-14 15:12:21.934575
26688.0,15.47105,27032.0,3.05126,Hyperliquid,2023-10-14 15:12:21.934575
26673.0,0.03,27050.0,0.255,Hyperliquid,2023-10-14 15:12:21.934575
26646.0,14.6831,27100.0,0.255,Hyperliquid,2023-10-14 15:12:21.934575
26608.0,0.01679,27145.0,0.00551,Hyperliquid,2023-10-14 15:12:21.934575
26600.0,0.03,27150.0,0.27155,Hyperliquid,2023-10-14 15:12:21.934575
26534.0,15.05384,27160.0,0.00319,Hyperliquid,2023-10-14 15:12:21.934575
26533.0,14.78797,27165.0,0.004,Hyperliquid,2023-10-14 15:12:21.934575
26511.0,0.1,27166.0,15.82767,Hyperliquid,2023-10-14 15:12:21.934575
26932.0,0.61996,26939.0,0.27698,Hyperliquid,2023-10-14 16:15:52.190469
26928.0,5.92082,26940.0,0.24233,Hyperliquid,2023-10-14 16:15:52.190469
26926.0,2.80491,26943.0,2.76024,Hyperliquid,2023-10-14 16:15:52.190469
26925.0,2.90086,26944.0,2.57035,Hyperliquid,2023-10-14 16:15:52.190469
26921.0,0.00897,26945.0,0.18449,Hyperliquid,2023-10-14 16:15:52.190469
26919.0,0.00897,26946.0,4.65211,Hyperliquid,2023-10-14 16:15:52.190469
26904.0,3.05186,26948.0,0.00897,Hyperliquid,2023-10-14 16:15:52.190469
26903.0,3.01285,26949.0,0.00995,Hyperliquid,2023-10-14 16:15:52.190469
26872.0,5.53212,26950.0,1.56726,Hyperliquid,2023-10-14 16:15:52.190469
26824.0,3.14935,26965.0,2.6486,Hyperliquid,2023-10-14 16:15:52.190469
26811.0,3.04055,26968.0,2.72154,Hyperliquid,2023-10-14 16:15:52.190469
26691.0,13.85758,26999.0,2.82985,Hyperliquid,2023-10-14 16:15:52.190469
26688.0,15.47105,27000.0,0.255,Hyperliquid,2023-10-14 16:15:52.190469
26673.0,0.03,27007.0,3.12103,Hyperliquid,2023-10-14 16:15:52.190469
26608.0,0.01679,27050.0,0.255,Hyperliquid,2023-10-14 16:15:52.190469
26600.0,31.45908,27062.0,2.96768,Hyperliquid,2023-10-14 16:15:52.190469
26511.0,0.1,27084.0,2.83638,Hyperliquid,2023-10-14 16:15:52.190469
26472.0,0.72268,27100.0,0.255,Hyperliquid,2023-10-14 16:15:52.190469
26367.0,0.72268,27145.0,0.00551,Hyperliquid,2023-10-14 16:15:52.190469
26361.0,0.00193,27150.0,0.27155,Hyperliquid,2023-10-14 16:15:52.190469
26918.0,0.65321,26926.0,0.52028,Hyperliquid,2023-10-14 17:10:55.583138
26915.0,6.0257,26929.0,0.01411,Hyperliquid,2023-10-14 17:10:55.583138
26913.0,5.94958,26930.0,0.34354,Hyperliquid,2023-10-14 17:10:55.583138
26911.0,0.00897,26931.0,4.70585,Hyperliquid,2023-10-14 17:10:55.583138
26910.0,0.00897,26933.0,2.59479,Hyperliquid,2023-10-14 17:10:55.583138
26898.0,6.13919,26935.0,2.6385,Hyperliquid,2023-10-14 17:10:55.583138
26870.0,6.22334,26936.0,0.00897,Hyperliquid,2023-10-14 17:10:55.583138
26811.0,3.04055,26950.0,1.56726,Hyperliquid,2023-10-14 17:10:55.583138
26798.0,3.02366,26958.0,2.28986,Hyperliquid,2023-10-14 17:10:55.583138
26691.0,13.85758,26963.0,2.52885,Hyperliquid,2023-10-14 17:10:55.583138
26688.0,15.47105,26993.0,2.75839,Hyperliquid,2023-10-14 17:10:55.583138
26673.0,0.03,26997.0,3.0511,Hyperliquid,2023-10-14 17:10:55.583138
26608.0,0.01679,27000.0,0.255,Hyperliquid,2023-10-14 17:10:55.583138
26600.0,31.45908,27050.0,0.255,Hyperliquid,2023-10-14 17:10:55.583138
26511.0,0.1,27055.0,3.0751,Hyperliquid,2023-10-14 17:10:55.583138
26472.0,0.72268,27062.0,2.96768,Hyperliquid,2023-10-14 17:10:55.583138
26367.0,0.72268,27100.0,0.255,Hyperliquid,2023-10-14 17:10:55.583138
26361.0,0.00193,27145.0,0.00551,Hyperliquid,2023-10-14 17:10:55.583138
26320.0,0.18787,27150.0,0.27155,Hyperliquid,2023-10-14 17:10:55.583138
26315.0,15.73039,27160.0,0.00319,Hyperliquid,2023-10-14 17:10:55.583138
26869.0,0.61134,26877.0,0.22721,Hyperliquid,2023-10-14 18:16:25.203441
26867.0,0.01077,26878.0,0.27519,Hyperliquid,2023-10-14 18:16:25.203441
26866.0,6.23798,26879.0,0.0138,Hyperliquid,2023-10-14 18:16:25.203441
26863.0,6.50544,26880.0,0.34503,Hyperliquid,2023-10-14 18:16:25.203441
26861.0,0.00897,26881.0,4.89463,Hyperliquid,2023-10-14 18:16:25.203441
26855.0,0.00897,26883.0,4.57869,Hyperliquid,2023-10-14 18:16:25.203441
26844.0,6.0888,26884.0,0.00897,Hyperliquid,2023-10-14 18:16:25.203441
26812.0,5.97952,26903.0,5.27546,Hyperliquid,2023-10-14 18:16:25.203441
26773.0,3.25278,26948.0,3.3012,Hyperliquid,2023-10-14 18:16:25.203441
26758.0,3.01029,26950.0,1.56726,Hyperliquid,2023-10-14 18:16:25.203441
26691.0,13.85758,26951.0,2.7154,Hyperliquid,2023-10-14 18:16:25.203441
26688.0,15.47105,27000.0,0.255,Hyperliquid,2023-10-14 18:16:25.203441
26673.0,0.03,27026.0,2.83954,Hyperliquid,2023-10-14 18:16:25.203441
26608.0,0.01679,27032.0,2.80296,Hyperliquid,2023-10-14 18:16:25.203441
26600.0,31.45908,27050.0,0.255,Hyperliquid,2023-10-14 18:16:25.203441
26511.0,0.1,27100.0,0.255,Hyperliquid,2023-10-14 18:16:25.203441
26472.0,0.72268,27145.0,0.00551,Hyperliquid,2023-10-14 18:16:25.203441
26367.0,0.72268,27150.0,0.27155,Hyperliquid,2023-10-14 18:16:25.203441
26361.0,0.00193,27160.0,0.00319,Hyperliquid,2023-10-14 18:16:25.203441
26320.0,0.18787,27165.0,0.004,Hyperliquid,2023-10-14 18:16:25.203441
26864.0,0.62885,26871.0,0.54258,Hyperliquid,2023-10-14 19:10:14.460889
26861.0,0.00641,26873.0,4.92877,Hyperliquid,2023-10-14 19:10:14.460889
26860.0,5.93809,26875.0,0.02288,Hyperliquid,2023-10-14 19:10:14.460889
26857.0,6.0256,26876.0,5.38293,Hyperliquid,2023-10-14 19:10:14.460889
26852.0,0.00897,26877.0,0.00897,Hyperliquid,2023-10-14 19:10:14.460889
26851.0,0.00897,26898.0,2.38403,Hyperliquid,2023-10-14 19:10:14.460889
26836.0,6.3864,26899.0,2.35302,Hyperliquid,2023-10-14 19:10:14.460889
26811.0,6.31933,26933.0,2.85382,Hyperliquid,2023-10-14 19:10:14.460889
26773.0,3.25278,26936.0,3.08461,Hyperliquid,2023-10-14 19:10:14.460889
26758.0,3.01029,26950.0,1.56726,Hyperliquid,2023-10-14 19:10:14.460889
26688.0,15.47105,27000.0,0.255,Hyperliquid,2023-10-14 19:10:14.460889
26673.0,0.03,27004.0,3.2032,Hyperliquid,2023-10-14 19:10:14.460889
26646.0,16.69752,27026.0,2.83954,Hyperliquid,2023-10-14 19:10:14.460889
26608.0,0.01679,27050.0,0.255,Hyperliquid,2023-10-14 19:10:14.460889
26600.0,31.45908,27100.0,0.255,Hyperliquid,2023-10-14 19:10:14.460889
26511.0,0.1,27142.0,15.3103,Hyperliquid,2023-10-14 19:10:14.460889
26472.0,0.72268,27145.0,0.00551,Hyperliquid,2023-10-14 19:10:14.460889
26367.0,0.72268,27150.0,0.27155,Hyperliquid,2023-10-14 19:10:14.460889
26361.0,0.00193,27160.0,0.00319,Hyperliquid,2023-10-14 19:10:14.460889
26320.0,0.18787,27165.0,0.004,Hyperliquid,2023-10-14 19:10:14.460889
26856.0,0.0083,26862.0,0.47357,Hyperliquid,2023-10-14 20:13:00.748728
26855.0,0.64275,26865.0,0.05567,Hyperliquid,2023-10-14 20:13:00.748728
26853.0,6.40657,26866.0,4.71676,Hyperliquid,2023-10-14 20:13:00.748728
26850.0,6.19878,26870.0,4.93591,Hyperliquid,2023-10-14 20:13:00.748728
26849.0,6.06865,26873.0,0.00897,Hyperliquid,2023-10-14 20:13:00.748728
26848.0,0.00897,26874.0,0.00897,Hyperliquid,2023-10-14 20:13:00.748728
26847.0,0.00897,26889.0,0.0012,Hyperliquid,2023-10-14 20:13:00.748728
26830.0,6.19662,26894.0,2.71286,Hyperliquid,2023-10-14 20:13:00.748728
26808.0,6.44958,26898.0,2.60501,Hyperliquid,2023-10-14 20:13:00.748728
26758.0,3.01029,26936.0,2.92101,Hyperliquid,2023-10-14 20:13:00.748728
26749.0,2.97742,26937.0,3.17721,Hyperliquid,2023-10-14 20:13:00.748728
26673.0,0.03,26950.0,1.56726,Hyperliquid,2023-10-14 20:13:00.748728
26646.0,16.69752,26997.0,2.79297,Hyperliquid,2023-10-14 20:13:00.748728
26642.0,14.21766,27000.0,0.255,Hyperliquid,2023-10-14 20:13:00.748728
26608.0,0.01679,27004.0,3.2032,Hyperliquid,2023-10-14 20:13:00.748728
26600.0,0.03,27050.0,0.255,Hyperliquid,2023-10-14 20:13:00.748728
26534.0,31.60399,27100.0,0.255,Hyperliquid,2023-10-14 20:13:00.748728
26511.0,0.1,27142.0,15.3103,Hyperliquid,2023-10-14 20:13:00.748728
26472.0,0.72268,27145.0,0.00551,Hyperliquid,2023-10-14 20:13:00.748728
26367.0,0.72268,27150.0,0.27155,Hyperliquid,2023-10-14 20:13:00.748728
26881.0,0.00019,26884.0,0.00764,Hyperliquid,2023-10-14 21:10:58.858286
26867.0,0.62212,26885.0,5.20499,Hyperliquid,2023-10-14 21:10:58.858286
26866.0,6.38061,26888.0,0.01794,Hyperliquid,2023-10-14 21:10:58.858286
26865.0,0.12464,26910.0,2.48291,Hyperliquid,2023-10-14 21:10:58.858286
26864.0,3.22368,26911.0,2.48499,Hyperliquid,2023-10-14 21:10:58.858286
26863.0,0.15771,26940.0,3.1721,Hyperliquid,2023-10-14 21:10:58.858286
26862.0,3.12355,26941.0,2.71889,Hyperliquid,2023-10-14 21:10:58.858286
26859.0,0.01794,26950.0,1.56726,Hyperliquid,2023-10-14 21:10:58.858286
26855.0,0.00052,26999.0,2.95167,Hyperliquid,2023-10-14 21:10:58.858286
26849.0,2.97275,27000.0,0.255,Hyperliquid,2023-10-14 21:10:58.858286
26847.0,2.80276,27004.0,2.82191,Hyperliquid,2023-10-14 21:10:58.858286
26842.0,3.08996,27050.0,0.255,Hyperliquid,2023-10-14 21:10:58.858286
26818.0,3.24938,27100.0,0.255,Hyperliquid,2023-10-14 21:10:58.858286
26816.0,3.22502,27110.0,15.64764,Hyperliquid,2023-10-14 21:10:58.858286
26768.0,3.1737,27142.0,15.3103,Hyperliquid,2023-10-14 21:10:58.858286
26756.0,3.07845,27145.0,0.00551,Hyperliquid,2023-10-14 21:10:58.858286
26673.0,0.03,27150.0,0.27155,Hyperliquid,2023-10-14 21:10:58.858286
26641.0,14.63382,27160.0,0.00319,Hyperliquid,2023-10-14 21:10:58.858286
26635.0,15.65941,27165.0,0.004,Hyperliquid,2023-10-14 21:10:58.858286
26608.0,0.01679,27200.0,0.15326,Hyperliquid,2023-10-14 21:10:58.858286
26822.0,0.56078,26829.0,0.04751,Hyperliquid,2023-10-14 22:11:44.024238
26821.0,0.00919,26830.0,0.53799,Hyperliquid,2023-10-14 22:11:44.024238
26820.0,0.00919,26831.0,0.33508,Hyperliquid,2023-10-14 22:11:44.024238
26819.0,0.00824,26832.0,5.19123,Hyperliquid,2023-10-14 22:11:44.024238
26818.0,6.01285,26835.0,2.63741,Hyperliquid,2023-10-14 22:11:44.024238
26817.0,2.86838,26837.0,0.00897,Hyperliquid,2023-10-14 22:11:44.024238
26816.0,2.91252,26838.0,2.79639,Hyperliquid,2023-10-14 22:11:44.024238
26812.0,0.00897,26850.0,0.0011,Hyperliquid,2023-10-14 22:11:44.024238
26799.0,5.74834,26856.0,2.52023,Hyperliquid,2023-10-14 22:11:44.024238
26771.0,5.65504,26862.0,2.74801,Hyperliquid,2023-10-14 22:11:44.024238
26719.0,2.7549,26902.0,5.87158,Hyperliquid,2023-10-14 22:11:44.024238
26707.0,3.15681,26950.0,1.56726,Hyperliquid,2023-10-14 22:11:44.024238
26673.0,0.03,26969.0,2.87596,Hyperliquid,2023-10-14 22:11:44.024238
26608.0,0.01679,26977.0,3.22722,Hyperliquid,2023-10-14 22:11:44.024238
26600.0,0.03,27000.0,0.255,Hyperliquid,2023-10-14 22:11:44.024238
26596.0,15.08644,27050.0,0.255,Hyperliquid,2023-10-14 22:11:44.024238
26584.0,16.10537,27086.0,16.2028,Hyperliquid,2023-10-14 22:11:44.024238
26511.0,0.1,27100.0,0.255,Hyperliquid,2023-10-14 22:11:44.024238
26472.0,0.72268,27110.0,15.64764,Hyperliquid,2023-10-14 22:11:44.024238
26467.0,32.87811,27145.0,0.00551,Hyperliquid,2023-10-14 22:11:44.024238
26860.0,0.61429,26866.0,0.17892,Hyperliquid,2023-10-14 23:12:27.230119
26859.0,0.0797,26867.0,0.5382,Hyperliquid,2023-10-14 23:12:27.230119
26858.0,0.0835,26871.0,5.21261,Hyperliquid,2023-10-14 23:12:27.230119
26856.0,12.10423,26874.0,4.96961,Hyperliquid,2023-10-14 23:12:27.230119
26854.0,0.0008,26875.0,0.00897,Hyperliquid,2023-10-14 23:12:27.230119
26846.0,0.00897,26877.0,0.00059,Hyperliquid,2023-10-14 23:12:27.230119
26836.0,3.28477,26900.0,5.46068,Hyperliquid,2023-10-14 23:12:27.230119
26833.0,3.0759,26934.0,6.19981,Hyperliquid,2023-10-14 23:12:27.230119
26809.0,6.01737,26950.0,1.56726,Hyperliquid,2023-10-14 23:12:27.230119
26751.0,2.81195,26977.0,3.22722,Hyperliquid,2023-10-14 23:12:27.230119
26742.0,3.01825,26998.0,2.70578,Hyperliquid,2023-10-14 23:12:27.230119
26673.0,0.03,27000.0,0.255,Hyperliquid,2023-10-14 23:12:27.230119
26640.0,14.18775,27050.0,0.255,Hyperliquid,2023-10-14 23:12:27.230119
26628.0,14.83509,27086.0,16.2028,Hyperliquid,2023-10-14 23:12:27.230119
26608.0,0.01679,27100.0,0.255,Hyperliquid,2023-10-14 23:12:27.230119
26600.0,0.03,27110.0,15.64764,Hyperliquid,2023-10-14 23:12:27.230119
26532.0,31.76313,27145.0,0.00551,Hyperliquid,2023-10-14 23:12:27.230119
26511.0,0.1,27150.0,0.27155,Hyperliquid,2023-10-14 23:12:27.230119
26472.0,0.72268,27160.0,0.00319,Hyperliquid,2023-10-14 23:12:27.230119
26367.0,0.72268,27165.0,0.004,Hyperliquid,2023-10-14 23:12:27.230119
26842.0,0.60329,26846.0,0.0039,Hyperliquid,2023-10-15 01:04:27.974782
26841.0,0.03797,26850.0,0.51952,Hyperliquid,2023-10-15 01:04:27.974782
26840.0,0.10766,26851.0,0.00067,Hyperliquid,2023-10-15 01:04:27.974782
26839.0,5.67745,26853.0,4.86575,Hyperliquid,2023-10-15 01:04:27.974782
26836.0,3.19717,26855.0,4.69977,Hyperliquid,2023-10-15 01:04:27.974782
26835.0,2.87398,26859.0,0.00897,Hyperliquid,2023-10-15 01:04:27.974782
26832.0,0.00897,26879.0,2.35856,Hyperliquid,2023-10-15 01:04:27.974782
26828.0,0.00071,26884.0,2.33167,Hyperliquid,2023-10-15 01:04:27.974782
26818.0,6.02329,26909.0,2.99276,Hyperliquid,2023-10-15 01:04:27.974782
26793.0,2.92796,26912.0,3.21812,Hyperliquid,2023-10-15 01:04:27.974782
26784.0,3.10567,26950.0,1.56726,Hyperliquid,2023-10-15 01:04:27.974782
26725.0,3.10538,26962.0,2.81119,Hyperliquid,2023-10-15 01:04:27.974782
26722.0,2.9166,26988.0,2.91617,Hyperliquid,2023-10-15 01:04:27.974782
26673.0,0.03,27000.0,0.255,Hyperliquid,2023-10-15 01:04:27.974782
26616.0,13.23931,27050.0,0.255,Hyperliquid,2023-10-15 01:04:27.974782
26612.0,13.61749,27100.0,0.255,Hyperliquid,2023-10-15 01:04:27.974782
26608.0,0.01679,27106.0,14.03134,Hyperliquid,2023-10-15 01:04:27.974782
26600.0,0.03,27110.0,13.48719,Hyperliquid,2023-10-15 01:04:27.974782
26511.0,0.1,27145.0,0.00551,Hyperliquid,2023-10-15 01:04:27.974782
26504.0,15.06351,27150.0,0.27155,Hyperliquid,2023-10-15 01:04:27.974782
26876.0,0.09,26878.0,0.26801,Hyperliquid,2023-10-15 02:22:44.647583
26875.0,0.09,26879.0,0.2289,Hyperliquid,2023-10-15 02:22:44.647583
26874.0,0.00045,26882.0,2.38359,Hyperliquid,2023-10-15 02:22:44.647583
26871.0,0.60315,26883.0,2.25102,Hyperliquid,2023-10-15 02:22:44.647583
26870.0,0.63373,26885.0,0.06641,Hyperliquid,2023-10-15 02:22:44.647583
26867.0,6.34178,26886.0,2.59715,Hyperliquid,2023-10-15 02:22:44.647583
26866.0,2.71823,26887.0,2.43912,Hyperliquid,2023-10-15 02:22:44.647583
26865.0,3.02101,26890.0,0.00897,Hyperliquid,2023-10-15 02:22:44.647583
26863.0,0.00897,26897.0,0.00067,Hyperliquid,2023-10-15 02:22:44.647583
26848.0,5.89868,26917.0,4.6458,Hyperliquid,2023-10-15 02:22:44.647583
26828.0,2.96164,26950.0,1.56726,Hyperliquid,2023-10-15 02:22:44.647583
26817.0,3.03848,26958.0,2.91546,Hyperliquid,2023-10-15 02:22:44.647583
26769.0,3.32066,26959.0,3.22372,Hyperliquid,2023-10-15 02:22:44.647583
26765.0,3.18091,27000.0,0.255,Hyperliquid,2023-10-15 02:22:44.647583
26673.0,0.03,27017.0,2.9822,Hyperliquid,2023-10-15 02:22:44.647583
26660.0,16.66088,27020.0,3.28384,Hyperliquid,2023-10-15 02:22:44.647583
26656.0,15.9921,27050.0,0.255,Hyperliquid,2023-10-15 02:22:44.647583
26608.0,0.01679,27100.0,0.255,Hyperliquid,2023-10-15 02:22:44.647583
26600.0,0.03,27145.0,0.00551,Hyperliquid,2023-10-15 02:22:44.647583
26571.0,14.20437,27150.0,0.27155,Hyperliquid,2023-10-15 02:22:44.647583
26891.0,0.0078,26894.0,0.48918,Hyperliquid,2023-10-15 03:13:45.901703
26890.0,0.02622,26896.0,0.0012,Hyperliquid,2023-10-15 03:13:45.901703
26886.0,0.56136,26897.0,0.0012,Hyperliquid,2023-10-15 03:13:45.901703
26884.0,6.3359,26898.0,4.94435,Hyperliquid,2023-10-15 03:13:45.901703
26881.0,6.13008,26900.0,4.6606,Hyperliquid,2023-10-15 03:13:45.901703
26874.0,0.00897,26901.0,0.00897,Hyperliquid,2023-10-15 03:13:45.901703
26860.0,6.43075,26916.0,0.00111,Hyperliquid,2023-10-15 03:13:45.901703
26829.0,3.12394,26926.0,4.4988,Hyperliquid,2023-10-15 03:13:45.901703
26826.0,3.21516,26950.0,1.56726,Hyperliquid,2023-10-15 03:13:45.901703
26769.0,3.32066,26958.0,2.91546,Hyperliquid,2023-10-15 03:13:45.901703
26765.0,3.18091,26960.0,3.16835,Hyperliquid,2023-10-15 03:13:45.901703
26673.0,0.03,27000.0,0.255,Hyperliquid,2023-10-15 03:13:45.901703
26660.0,16.66088,27017.0,2.9822,Hyperliquid,2023-10-15 03:13:45.901703
26656.0,15.9921,27020.0,3.28384,Hyperliquid,2023-10-15 03:13:45.901703
26608.0,0.01679,27050.0,0.255,Hyperliquid,2023-10-15 03:13:45.901703
26600.0,0.03,27100.0,0.255,Hyperliquid,2023-10-15 03:13:45.901703
26571.0,14.20437,27145.0,0.00551,Hyperliquid,2023-10-15 03:13:45.901703
26568.0,13.84064,27150.0,0.27155,Hyperliquid,2023-10-15 03:13:45.901703
26511.0,0.1,27160.0,0.00319,Hyperliquid,2023-10-15 03:13:45.901703
26472.0,0.72268,27163.0,14.44014,Hyperliquid,2023-10-15 03:13:45.901703
26880.0,0.60091,26886.0,0.00549,Hyperliquid,2023-10-15 04:15:27.236934
26879.0,0.01326,26887.0,0.08885,Hyperliquid,2023-10-15 04:15:27.236934
26878.0,0.06691,26888.0,0.48085,Hyperliquid,2023-10-15 04:15:27.236934
26877.0,5.98167,26890.0,0.25935,Hyperliquid,2023-10-15 04:15:27.236934
26875.0,6.21734,26891.0,4.67511,Hyperliquid,2023-10-15 04:15:27.236934
26868.0,0.00897,26896.0,5.02096,Hyperliquid,2023-10-15 04:15:27.236934
26858.0,5.55563,26897.0,0.00897,Hyperliquid,2023-10-15 04:15:27.236934
26857.0,0.00088,26921.0,4.90733,Hyperliquid,2023-10-15 04:15:27.236934
26834.0,2.90539,26950.0,1.56726,Hyperliquid,2023-10-15 04:15:27.236934
26826.0,3.26656,26959.0,3.12302,Hyperliquid,2023-10-15 04:15:27.236934
26768.0,2.84213,26961.0,3.08884,Hyperliquid,2023-10-15 04:15:27.236934
26764.0,2.96311,27000.0,0.255,Hyperliquid,2023-10-15 04:15:27.236934
26673.0,0.03,27021.0,3.06282,Hyperliquid,2023-10-15 04:15:27.236934
26660.0,16.66088,27047.0,2.74613,Hyperliquid,2023-10-15 04:15:27.236934
26656.0,15.9921,27050.0,0.255,Hyperliquid,2023-10-15 04:15:27.236934
26608.0,0.01679,27100.0,0.255,Hyperliquid,2023-10-15 04:15:27.236934
26600.0,0.03,27145.0,0.00551,Hyperliquid,2023-10-15 04:15:27.236934
26571.0,14.20437,27150.0,0.27155,Hyperliquid,2023-10-15 04:15:27.236934
26568.0,13.84064,27160.0,0.00319,Hyperliquid,2023-10-15 04:15:27.236934
26511.0,0.1,27163.0,14.44014,Hyperliquid,2023-10-15 04:15:27.236934
26877.0,0.60313,26883.0,0.08534,Hyperliquid,2023-10-15 05:12:13.804538
26876.0,6.30848,26884.0,0.18188,Hyperliquid,2023-10-15 05:12:13.804538
26873.0,0.07379,26885.0,0.4526,Hyperliquid,2023-10-15 05:12:13.804538
26872.0,5.58184,26889.0,4.67525,Hyperliquid,2023-10-15 05:12:13.804538
26868.0,0.00962,26892.0,4.83408,Hyperliquid,2023-10-15 05:12:13.804538
26854.0,6.46683,26898.0,0.00897,Hyperliquid,2023-10-15 05:12:13.804538
26832.0,2.98291,26922.0,4.91143,Hyperliquid,2023-10-15 05:12:13.804538
26826.0,3.26656,26946.0,2.91553,Hyperliquid,2023-10-15 05:12:13.804538
26768.0,2.84213,26950.0,1.56726,Hyperliquid,2023-10-15 05:12:13.804538
26764.0,2.96311,26960.0,3.08971,Hyperliquid,2023-10-15 05:12:13.804538
26673.0,0.03,27000.0,0.255,Hyperliquid,2023-10-15 05:12:13.804538
26660.0,16.66088,27018.0,2.82536,Hyperliquid,2023-10-15 05:12:13.804538
26656.0,15.9921,27021.0,3.06282,Hyperliquid,2023-10-15 05:12:13.804538
26608.0,0.01679,27050.0,0.255,Hyperliquid,2023-10-15 05:12:13.804538
26600.0,0.03,27100.0,0.255,Hyperliquid,2023-10-15 05:12:13.804538
26571.0,14.20437,27145.0,0.00551,Hyperliquid,2023-10-15 05:12:13.804538
26568.0,13.84064,27150.0,0.27155,Hyperliquid,2023-10-15 05:12:13.804538
26511.0,0.1,27160.0,0.00319,Hyperliquid,2023-10-15 05:12:13.804538
26472.0,0.72268,27163.0,14.44014,Hyperliquid,2023-10-15 05:12:13.804538
26367.0,0.72268,27165.0,0.004,Hyperliquid,2023-10-15 05:12:13.804538
26875.0,0.61296,26881.0,0.47228,Hyperliquid,2023-10-15 06:17:13.634723
26871.0,6.1078,26884.0,4.57555,Hyperliquid,2023-10-15 06:17:13.634723
26869.0,6.05485,26889.0,5.32525,Hyperliquid,2023-10-15 06:17:13.634723
26865.0,0.00897,26890.0,0.00897,Hyperliquid,2023-10-15 06:17:13.634723
26847.0,6.43174,26893.0,0.00059,Hyperliquid,2023-10-15 06:17:13.634723
26826.0,3.26656,26914.0,4.85823,Hyperliquid,2023-10-15 06:17:13.634723
26819.0,2.74571,26945.0,2.89045,Hyperliquid,2023-10-15 06:17:13.634723
26768.0,2.84213,26946.0,2.91553,Hyperliquid,2023-10-15 06:17:13.634723
26764.0,2.96311,26950.0,1.56726,Hyperliquid,2023-10-15 06:17:13.634723
26673.0,0.03,27000.0,0.255,Hyperliquid,2023-10-15 06:17:13.634723
26660.0,16.66088,27018.0,2.82536,Hyperliquid,2023-10-15 06:17:13.634723
26656.0,15.9921,27021.0,3.06282,Hyperliquid,2023-10-15 06:17:13.634723
26608.0,0.01679,27050.0,0.255,Hyperliquid,2023-10-15 06:17:13.634723
26600.0,0.03,27100.0,0.255,Hyperliquid,2023-10-15 06:17:13.634723
26571.0,14.20437,27145.0,0.00551,Hyperliquid,2023-10-15 06:17:13.634723
26568.0,13.84064,27150.0,0.27155,Hyperliquid,2023-10-15 06:17:13.634723
26511.0,0.1,27160.0,0.00319,Hyperliquid,2023-10-15 06:17:13.634723
26472.0,0.72268,27163.0,14.44014,Hyperliquid,2023-10-15 06:17:13.634723
26367.0,0.72268,27165.0,0.004,Hyperliquid,2023-10-15 06:17:13.634723
26361.0,0.00193,27167.0,16.32025,Hyperliquid,2023-10-15 06:17:13.634723
26878.0,0.58144,26884.0,0.08457,Hyperliquid,2023-10-15 07:11:30.153224
26876.0,5.98106,26885.0,0.20497,Hyperliquid,2023-10-15 07:11:30.153224
26875.0,6.1749,26886.0,0.46635,Hyperliquid,2023-10-15 07:11:30.153224
26869.0,0.00897,26890.0,4.73787,Hyperliquid,2023-10-15 07:11:30.153224
26853.0,5.5831,26893.0,4.98296,Hyperliquid,2023-10-15 07:11:30.153224
26826.0,3.26656,26896.0,0.00897,Hyperliquid,2023-10-15 07:11:30.153224
26819.0,2.74571,26914.0,4.85823,Hyperliquid,2023-10-15 07:11:30.153224
26768.0,2.84213,26945.0,2.89045,Hyperliquid,2023-10-15 07:11:30.153224
26764.0,2.96311,26946.0,2.91553,Hyperliquid,2023-10-15 07:11:30.153224
26673.0,0.03,26950.0,1.56726,Hyperliquid,2023-10-15 07:11:30.153224
26660.0,16.66088,27000.0,0.255,Hyperliquid,2023-10-15 07:11:30.153224
26656.0,15.9921,27018.0,2.82536,Hyperliquid,2023-10-15 07:11:30.153224
26608.0,0.01679,27021.0,3.06282,Hyperliquid,2023-10-15 07:11:30.153224
26600.0,0.03,27050.0,0.255,Hyperliquid,2023-10-15 07:11:30.153224
26571.0,14.20437,27100.0,0.255,Hyperliquid,2023-10-15 07:11:30.153224
26568.0,13.84064,27145.0,0.00551,Hyperliquid,2023-10-15 07:11:30.153224
26511.0,0.1,27150.0,0.27155,Hyperliquid,2023-10-15 07:11:30.153224
26472.0,0.72268,27160.0,0.00319,Hyperliquid,2023-10-15 07:11:30.153224
26367.0,0.72268,27163.0,14.44014,Hyperliquid,2023-10-15 07:11:30.153224
26361.0,0.00193,27165.0,0.004,Hyperliquid,2023-10-15 07:11:30.153224
26883.0,0.06302,26889.0,0.03968,Hyperliquid,2023-10-15 08:15:44.088915
26882.0,0.62279,26890.0,0.51258,Hyperliquid,2023-10-15 08:15:44.088915
26881.0,0.06301,26893.0,0.26317,Hyperliquid,2023-10-15 08:15:44.088915
26880.0,0.00065,26894.0,4.8879,Hyperliquid,2023-10-15 08:15:44.088915
26879.0,5.84474,26899.0,4.73534,Hyperliquid,2023-10-15 08:15:44.088915
26875.0,6.04382,26902.0,0.00897,Hyperliquid,2023-10-15 08:15:44.088915
26857.0,6.04894,26903.0,0.00042,Hyperliquid,2023-10-15 08:15:44.088915
26838.0,2.82189,26924.0,4.76447,Hyperliquid,2023-10-15 08:15:44.088915
26830.0,3.16857,26950.0,1.56726,Hyperliquid,2023-10-15 08:15:44.088915
26800.0,0.0028,26961.0,2.90383,Hyperliquid,2023-10-15 08:15:44.088915
26791.0,3.03509,26962.0,2.8241,Hyperliquid,2023-10-15 08:15:44.088915
26786.0,3.00789,27000.0,0.255,Hyperliquid,2023-10-15 08:15:44.088915
26782.0,0.00283,27018.0,2.82536,Hyperliquid,2023-10-15 08:15:44.088915
26764.0,0.00286,27021.0,3.06282,Hyperliquid,2023-10-15 08:15:44.088915
26745.0,0.00289,27050.0,0.255,Hyperliquid,2023-10-15 08:15:44.088915
26727.0,0.00291,27100.0,0.255,Hyperliquid,2023-10-15 08:15:44.088915
26709.0,0.00294,27145.0,0.00551,Hyperliquid,2023-10-15 08:15:44.088915
26691.0,0.00297,27150.0,0.27155,Hyperliquid,2023-10-15 08:15:44.088915
26673.0,0.033,27160.0,0.00319,Hyperliquid,2023-10-15 08:15:44.088915
26660.0,16.66088,27163.0,14.44014,Hyperliquid,2023-10-15 08:15:44.088915
26915.0,0.62489,26922.0,0.46649,Hyperliquid,2023-10-15 09:12:10.636870
26914.0,0.04219,26923.0,0.05038,Hyperliquid,2023-10-15 09:12:10.636870
26913.0,0.04218,26924.0,0.28367,Hyperliquid,2023-10-15 09:12:10.636870
26912.0,6.17215,26925.0,4.89941,Hyperliquid,2023-10-15 09:12:10.636870
26909.0,5.93689,26926.0,0.00095,Hyperliquid,2023-10-15 09:12:10.636870
26906.0,0.00897,26929.0,0.00897,Hyperliquid,2023-10-15 09:12:10.636870
26902.0,0.00092,26930.0,2.22214,Hyperliquid,2023-10-15 09:12:10.636870
26891.0,3.16938,26931.0,2.31598,Hyperliquid,2023-10-15 09:12:10.636870
26890.0,2.74168,26950.0,1.56726,Hyperliquid,2023-10-15 09:12:10.636870
26866.0,3.05882,26960.0,4.58606,Hyperliquid,2023-10-15 09:12:10.636870
26863.0,2.96713,26993.0,2.7315,Hyperliquid,2023-10-15 09:12:10.636870
26811.0,3.11911,26994.0,2.73256,Hyperliquid,2023-10-15 09:12:10.636870
26791.0,3.03509,27000.0,0.255,Hyperliquid,2023-10-15 09:12:10.636870
26704.0,14.08696,27048.0,3.28387,Hyperliquid,2023-10-15 09:12:10.636870
26673.0,0.03,27050.0,0.255,Hyperliquid,2023-10-15 09:12:10.636870
26660.0,16.66088,27051.0,2.74872,Hyperliquid,2023-10-15 09:12:10.636870
26608.0,0.01679,27100.0,0.255,Hyperliquid,2023-10-15 09:12:10.636870
26600.0,0.03,27145.0,0.00551,Hyperliquid,2023-10-15 09:12:10.636870
26571.0,14.20437,27150.0,0.27155,Hyperliquid,2023-10-15 09:12:10.636870
26568.0,13.84064,27160.0,0.00319,Hyperliquid,2023-10-15 09:12:10.636870
26895.0,0.32021,26900.0,0.01905,Hyperliquid,2023-10-15 10:13:27.512427
26894.0,0.28555,26901.0,0.11334,Hyperliquid,2023-10-15 10:13:27.512427
26893.0,0.08386,26902.0,0.51346,Hyperliquid,2023-10-15 10:13:27.512427
26892.0,0.105,26905.0,4.79247,Hyperliquid,2023-10-15 10:13:27.512427
26891.0,5.61363,26911.0,5.00129,Hyperliquid,2023-10-15 10:13:27.512427
26890.0,6.13567,26913.0,0.00897,Hyperliquid,2023-10-15 10:13:27.512427
26885.0,0.00897,26936.0,4.95224,Hyperliquid,2023-10-15 10:13:27.512427
26882.0,0.00059,26950.0,1.56726,Hyperliquid,2023-10-15 10:13:27.512427
26875.0,6.06017,26978.0,2.89216,Hyperliquid,2023-10-15 10:13:27.512427
26850.0,2.92749,26979.0,2.76882,Hyperliquid,2023-10-15 10:13:27.512427
26841.0,2.74653,27000.0,0.255,Hyperliquid,2023-10-15 10:13:27.512427
26791.0,3.03509,27048.0,3.28387,Hyperliquid,2023-10-15 10:13:27.512427
26788.0,2.82857,27050.0,0.255,Hyperliquid,2023-10-15 10:13:27.512427
26704.0,14.08696,27051.0,2.74872,Hyperliquid,2023-10-15 10:13:27.512427
26673.0,0.03,27100.0,0.255,Hyperliquid,2023-10-15 10:13:27.512427
26660.0,16.66088,27145.0,0.00551,Hyperliquid,2023-10-15 10:13:27.512427
26608.0,0.01679,27150.0,0.27155,Hyperliquid,2023-10-15 10:13:27.512427
26600.0,0.03,27160.0,0.00319,Hyperliquid,2023-10-15 10:13:27.512427
26571.0,14.20437,27163.0,14.44014,Hyperliquid,2023-10-15 10:13:27.512427
26568.0,13.84064,27165.0,0.004,Hyperliquid,2023-10-15 10:13:27.512427
26858.0,0.6339,26864.0,0.03644,Hyperliquid,2023-10-15 11:10:24.297778
26856.0,0.07311,26865.0,0.1333,Hyperliquid,2023-10-15 11:10:24.297778
26855.0,5.76227,26866.0,0.50174,Hyperliquid,2023-10-15 11:10:24.297778
26851.0,5.69425,26869.0,4.98283,Hyperliquid,2023-10-15 11:10:24.297778
26850.0,0.07817,26872.0,4.98952,Hyperliquid,2023-10-15 11:10:24.297778
26848.0,0.00897,26878.0,0.00897,Hyperliquid,2023-10-15 11:10:24.297778
26841.0,0.0008,26895.0,4.86614,Hyperliquid,2023-10-15 11:10:24.297778
26836.0,2.75153,26930.0,5.76927,Hyperliquid,2023-10-15 11:10:24.297778
26834.0,2.78053,26950.0,1.56726,Hyperliquid,2023-10-15 11:10:24.297778
26810.0,3.30787,27000.0,0.255,Hyperliquid,2023-10-15 11:10:24.297778
26801.0,2.93093,27017.0,3.11959,Hyperliquid,2023-10-15 11:10:24.297778
26766.0,2.78434,27021.0,2.8009,Hyperliquid,2023-10-15 11:10:24.297778
26764.0,2.93511,27050.0,0.255,Hyperliquid,2023-10-15 11:10:24.297778
26673.0,0.03,27100.0,0.255,Hyperliquid,2023-10-15 11:10:24.297778
26660.0,16.66088,27145.0,0.00551,Hyperliquid,2023-10-15 11:10:24.297778
26658.0,15.22149,27150.0,0.27155,Hyperliquid,2023-10-15 11:10:24.297778
26608.0,0.01679,27160.0,0.00319,Hyperliquid,2023-10-15 11:10:24.297778
26600.0,0.03,27163.0,14.44014,Hyperliquid,2023-10-15 11:10:24.297778
26571.0,14.20437,27165.0,0.004,Hyperliquid,2023-10-15 11:10:24.297778
26568.0,13.84064,27167.0,16.32025,Hyperliquid,2023-10-15 11:10:24.297778
26835.0,0.60771,26840.0,0.05831,Hyperliquid,2023-10-15 12:24:38.519152
26834.0,0.09474,26841.0,0.00986,Hyperliquid,2023-10-15 12:24:38.519152
26833.0,3.02694,26842.0,0.48934,Hyperliquid,2023-10-15 12:24:38.519152
26832.0,3.04888,26846.0,4.93697,Hyperliquid,2023-10-15 12:24:38.519152
26828.0,5.4557,26847.0,0.00073,Hyperliquid,2023-10-15 12:24:38.519152
26822.0,0.00897,26850.0,4.67959,Hyperliquid,2023-10-15 12:24:38.519152
26807.0,3.24667,26852.0,0.00897,Hyperliquid,2023-10-15 12:24:38.519152
26806.0,3.00306,26871.0,2.239,Hyperliquid,2023-10-15 12:24:38.519152
26783.0,2.87571,26878.0,2.66398,Hyperliquid,2023-10-15 12:24:38.519152
26780.0,2.86058,26900.0,6.36685,Hyperliquid,2023-10-15 12:24:38.519152
26736.0,2.99894,26950.0,1.56726,Hyperliquid,2023-10-15 12:24:38.519152
26718.0,3.03576,26989.0,2.72582,Hyperliquid,2023-10-15 12:24:38.519152
26700.0,0.00333,26992.0,2.93207,Hyperliquid,2023-10-15 12:24:38.519152
26683.0,0.00337,27000.0,0.255,Hyperliquid,2023-10-15 12:24:38.519152
26673.0,0.03,27050.0,0.255,Hyperliquid,2023-10-15 12:24:38.519152
26666.0,0.0034,27100.0,0.255,Hyperliquid,2023-10-15 12:24:38.519152
26648.0,0.00343,27106.0,14.27019,Hyperliquid,2023-10-15 12:24:38.519152
26631.0,0.00347,27111.0,16.40593,Hyperliquid,2023-10-15 12:24:38.519152
26615.0,13.7478,27145.0,0.00551,Hyperliquid,2023-10-15 12:24:38.519152
26614.0,0.0035,27150.0,0.27155,Hyperliquid,2023-10-15 12:24:38.519152
26879.0,0.05463,26886.0,0.05956,Hyperliquid,2023-10-15 13:14:27.847030
26877.0,0.1891,26887.0,0.26248,Hyperliquid,2023-10-15 13:14:27.847030
26876.0,0.6057,26888.0,0.22202,Hyperliquid,2023-10-15 13:14:27.847030
26871.0,5.80886,26891.0,2.60895,Hyperliquid,2023-10-15 13:14:27.847030
26869.0,6.50159,26892.0,2.20995,Hyperliquid,2023-10-15 13:14:27.847030
26849.0,2.9065,26895.0,2.24547,Hyperliquid,2023-10-15 13:14:27.847030
26843.0,2.83612,26896.0,2.60446,Hyperliquid,2023-10-15 13:14:27.847030
26811.0,6.1361,26914.0,2.50563,Hyperliquid,2023-10-15 13:14:27.847030
26763.0,2.97167,26915.0,2.6326,Hyperliquid,2023-10-15 13:14:27.847030
26757.0,2.90262,26948.0,5.65177,Hyperliquid,2023-10-15 13:14:27.847030
26700.0,0.00333,26950.0,1.56726,Hyperliquid,2023-10-15 13:14:27.847030
26683.0,0.00337,27000.0,0.255,Hyperliquid,2023-10-15 13:14:27.847030
26673.0,0.03,27022.0,3.24545,Hyperliquid,2023-10-15 13:14:27.847030
26666.0,0.0034,27025.0,2.70255,Hyperliquid,2023-10-15 13:14:27.847030
26655.0,14.70757,27050.0,0.255,Hyperliquid,2023-10-15 13:14:27.847030
26648.0,0.00343,27100.0,0.255,Hyperliquid,2023-10-15 13:14:27.847030
26631.0,0.00347,27145.0,0.00551,Hyperliquid,2023-10-15 13:14:27.847030
26615.0,13.7478,27150.0,0.27155,Hyperliquid,2023-10-15 13:14:27.847030
26614.0,0.0035,27160.0,0.00319,Hyperliquid,2023-10-15 13:14:27.847030
26608.0,0.01679,27165.0,0.004,Hyperliquid,2023-10-15 13:14:27.847030
26891.0,0.04621,26896.0,0.23821,Hyperliquid,2023-10-15 14:11:22.063195
26890.0,0.27302,26897.0,0.23518,Hyperliquid,2023-10-15 14:11:22.063195
26889.0,0.62777,26898.0,0.00132,Hyperliquid,2023-10-15 14:11:22.063195
26888.0,0.30208,26899.0,4.76437,Hyperliquid,2023-10-15 14:11:22.063195
26887.0,3.29508,26902.0,2.41096,Hyperliquid,2023-10-15 14:11:22.063195
26886.0,2.86232,26903.0,2.40621,Hyperliquid,2023-10-15 14:11:22.063195
26885.0,3.10872,26904.0,2.69887,Hyperliquid,2023-10-15 14:11:22.063195
26883.0,2.78987,26923.0,5.16644,Hyperliquid,2023-10-15 14:11:22.063195
26882.0,2.7237,26958.0,3.17746,Hyperliquid,2023-10-15 14:11:22.063195
26880.0,0.00897,26965.0,3.24052,Hyperliquid,2023-10-15 14:11:22.063195
26861.0,2.82302,27000.0,0.255,Hyperliquid,2023-10-15 14:11:22.063195
26859.0,3.13606,27027.0,3.24775,Hyperliquid,2023-10-15 14:11:22.063195
26832.0,3.30199,27034.0,3.22777,Hyperliquid,2023-10-15 14:11:22.063195
26825.0,2.9779,27050.0,0.255,Hyperliquid,2023-10-15 14:11:22.063195
26781.0,3.03605,27100.0,0.255,Hyperliquid,2023-10-15 14:11:22.063195
26780.0,3.19586,27145.0,0.00551,Hyperliquid,2023-10-15 14:11:22.063195
26700.0,0.00333,27150.0,0.27155,Hyperliquid,2023-10-15 14:11:22.063195
26683.0,0.00337,27160.0,0.00319,Hyperliquid,2023-10-15 14:11:22.063195
26673.0,0.03,27165.0,0.004,Hyperliquid,2023-10-15 14:11:22.063195
26666.0,0.0034,27173.0,14.32586,Hyperliquid,2023-10-15 14:11:22.063195
26870.0,0.01,26878.0,0.45413,Hyperliquid,2023-10-15 15:12:21.289236
26869.0,0.60996,26879.0,0.00709,Hyperliquid,2023-10-15 15:12:21.289236
26868.0,0.09286,26881.0,2.4207,Hyperliquid,2023-10-15 15:12:21.289236
26867.0,0.26637,26882.0,2.306,Hyperliquid,2023-10-15 15:12:21.289236
26866.0,5.86624,26884.0,2.45558,Hyperliquid,2023-10-15 15:12:21.289236
26863.0,3.07715,26887.0,2.60837,Hyperliquid,2023-10-15 15:12:21.289236
26862.0,3.07436,26905.0,2.24964,Hyperliquid,2023-10-15 15:12:21.289236
26861.0,0.00897,26912.0,2.53754,Hyperliquid,2023-10-15 15:12:21.289236
26860.0,0.03933,26945.0,3.1624,Hyperliquid,2023-10-15 15:12:21.289236
26843.0,3.29749,26947.0,2.72311,Hyperliquid,2023-10-15 15:12:21.289236
26840.0,0.04351,27000.0,3.15197,Hyperliquid,2023-10-15 15:12:21.289236
26837.0,3.20577,27001.0,3.18592,Hyperliquid,2023-10-15 15:12:21.289236
26813.0,2.99706,27050.0,0.255,Hyperliquid,2023-10-15 15:12:21.289236
26804.0,2.95861,27100.0,0.255,Hyperliquid,2023-10-15 15:12:21.289236
26755.0,2.9846,27145.0,0.00551,Hyperliquid,2023-10-15 15:12:21.289236
26753.0,2.92214,27150.0,0.27155,Hyperliquid,2023-10-15 15:12:21.289236
26700.0,0.00333,27160.0,0.00319,Hyperliquid,2023-10-15 15:12:21.289236
26683.0,0.00337,27165.0,0.004,Hyperliquid,2023-10-15 15:12:21.289236
26673.0,0.03,27178.0,14.64884,Hyperliquid,2023-10-15 15:12:21.289236
26666.0,0.0034,27180.0,13.51206,Hyperliquid,2023-10-15 15:12:21.289236
26910.0,0.08985,26911.0,0.48117,Hyperliquid,2023-10-15 16:16:00.246394
26903.0,0.56493,26914.0,2.3883,Hyperliquid,2023-10-15 16:16:00.246394
26902.0,0.0011,26915.0,2.51958,Hyperliquid,2023-10-15 16:16:00.246394
26901.0,2.90889,26918.0,4.86672,Hyperliquid,2023-10-15 16:16:00.246394
26900.0,0.26679,26943.0,2.32148,Hyperliquid,2023-10-15 16:16:00.246394
26899.0,2.96544,26946.0,2.44806,Hyperliquid,2023-10-15 16:16:00.246394
26898.0,2.85091,26977.0,2.7895,Hyperliquid,2023-10-15 16:16:00.246394
26896.0,3.06955,26980.0,2.90415,Hyperliquid,2023-10-15 16:16:00.246394
26881.0,6.30404,27000.0,0.255,Hyperliquid,2023-10-15 16:16:00.246394
26860.0,0.03933,27050.0,0.255,Hyperliquid,2023-10-15 16:16:00.246394
26851.0,2.92617,27061.0,5.60527,Hyperliquid,2023-10-15 16:16:00.246394
26847.0,3.31377,27100.0,0.255,Hyperliquid,2023-10-15 16:16:00.246394
26840.0,0.04351,27145.0,0.00551,Hyperliquid,2023-10-15 16:16:00.246394
26801.0,2.88797,27150.0,0.27155,Hyperliquid,2023-10-15 16:16:00.246394
26799.0,3.08263,27160.0,0.00319,Hyperliquid,2023-10-15 16:16:00.246394
26673.0,0.03,27165.0,0.004,Hyperliquid,2023-10-15 16:16:00.246394
26665.0,14.97819,27178.0,14.64884,Hyperliquid,2023-10-15 16:16:00.246394
26662.0,16.48909,27180.0,13.51206,Hyperliquid,2023-10-15 16:16:00.246394
26608.0,0.01679,27200.0,0.15326,Hyperliquid,2023-10-15 16:16:00.246394
26600.0,0.03,27300.0,0.74381,Hyperliquid,2023-10-15 16:16:00.246394
26933.0,0.04391,26938.0,0.24211,Hyperliquid,2023-10-15 17:11:55.908297
26932.0,0.42713,26940.0,0.06099,Hyperliquid,2023-10-15 17:11:55.908297
26931.0,0.30085,26941.0,0.43985,Hyperliquid,2023-10-15 17:11:55.908297
26930.0,2.72632,26942.0,2.25363,Hyperliquid,2023-10-15 17:11:55.908297
26928.0,2.94565,26943.0,2.4295,Hyperliquid,2023-10-15 17:11:55.908297
26926.0,2.7573,26946.0,2.63517,Hyperliquid,2023-10-15 17:11:55.908297
26925.0,3.15446,26948.0,2.58553,Hyperliquid,2023-10-15 17:11:55.908297
26919.0,0.00897,26969.0,2.67993,Hyperliquid,2023-10-15 17:11:55.908297
26904.0,2.72,26971.0,2.51614,Hyperliquid,2023-10-15 17:11:55.908297
26902.0,0.03468,26993.0,2.99199,Hyperliquid,2023-10-15 17:11:55.908297
26901.0,3.17706,26997.0,3.23771,Hyperliquid,2023-10-15 17:11:55.908297
26872.0,3.00583,27000.0,0.255,Hyperliquid,2023-10-15 17:11:55.908297
26871.0,2.86723,27050.0,0.255,Hyperliquid,2023-10-15 17:11:55.908297
26860.0,0.03933,27061.0,5.60527,Hyperliquid,2023-10-15 17:11:55.908297
26840.0,0.04351,27100.0,0.255,Hyperliquid,2023-10-15 17:11:55.908297
26823.0,3.25757,27145.0,0.00551,Hyperliquid,2023-10-15 17:11:55.908297
26822.0,2.82451,27150.0,0.27155,Hyperliquid,2023-10-15 17:11:55.908297
26709.0,15.13416,27160.0,0.00319,Hyperliquid,2023-10-15 17:11:55.908297
26706.0,15.38266,27165.0,0.004,Hyperliquid,2023-10-15 17:11:55.908297
26673.0,0.03,27178.0,14.64884,Hyperliquid,2023-10-15 17:11:55.908297
26966.0,0.28057,26973.0,0.24329,Hyperliquid,2023-10-15 18:16:38.725985
26964.0,0.29925,26974.0,0.2442,Hyperliquid,2023-10-15 18:16:38.725985
26963.0,6.15346,26977.0,4.59292,Hyperliquid,2023-10-15 18:16:38.725985
26961.0,0.124,26981.0,2.5134,Hyperliquid,2023-10-15 18:16:38.725985
26960.0,0.23669,26982.0,2.27468,Hyperliquid,2023-10-15 18:16:38.725985
26959.0,2.9877,27006.0,2.13386,Hyperliquid,2023-10-15 18:16:38.725985
26958.0,3.09592,27007.0,2.12632,Hyperliquid,2023-10-15 18:16:38.725985
26943.0,3.18598,27047.0,3.29031,Hyperliquid,2023-10-15 18:16:38.725985
26941.0,2.78537,27049.0,2.82851,Hyperliquid,2023-10-15 18:16:38.725985
26919.0,2.90758,27050.0,0.255,Hyperliquid,2023-10-15 18:16:38.725985
26917.0,2.85504,27100.0,0.255,Hyperliquid,2023-10-15 18:16:38.725985
26863.0,3.29901,27114.0,2.71855,Hyperliquid,2023-10-15 18:16:38.725985
26862.0,3.09181,27127.0,2.70683,Hyperliquid,2023-10-15 18:16:38.725985
26860.0,0.03933,27145.0,0.00551,Hyperliquid,2023-10-15 18:16:38.725985
26840.0,0.04351,27150.0,0.27155,Hyperliquid,2023-10-15 18:16:38.725985
26770.0,16.38242,27160.0,0.00319,Hyperliquid,2023-10-15 18:16:38.725985
26751.0,15.5465,27165.0,0.004,Hyperliquid,2023-10-15 18:16:38.725985
26673.0,0.03,27200.0,0.15326,Hyperliquid,2023-10-15 18:16:38.725985
26643.0,16.38891,27288.0,13.03708,Hyperliquid,2023-10-15 18:16:38.725985
26615.0,13.02024,27300.0,15.45824,Hyperliquid,2023-10-15 18:16:38.725985
27085.0,0.04856,27087.0,0.48687,Hyperliquid,2023-10-15 19:10:15.635204
27080.0,0.05102,27092.0,4.4834,Hyperliquid,2023-10-15 19:10:15.635204
27079.0,0.5958,27098.0,4.27317,Hyperliquid,2023-10-15 19:10:15.635204
27076.0,6.35906,27100.0,0.26397,Hyperliquid,2023-10-15 19:10:15.635204
27073.0,5.61983,27121.0,2.29665,Hyperliquid,2023-10-15 19:10:15.635204
27072.0,0.00897,27128.0,2.1757,Hyperliquid,2023-10-15 19:10:15.635204
27058.0,0.23936,27145.0,0.00551,Hyperliquid,2023-10-15 19:10:15.635204
27057.0,5.88457,27150.0,0.27155,Hyperliquid,2023-10-15 19:10:15.635204
27023.0,3.18258,27154.0,2.98208,Hyperliquid,2023-10-15 19:10:15.635204
27018.0,3.25485,27159.0,3.06391,Hyperliquid,2023-10-15 19:10:15.635204
26957.0,3.06121,27160.0,0.00319,Hyperliquid,2023-10-15 19:10:15.635204
26955.0,3.04367,27165.0,0.004,Hyperliquid,2023-10-15 19:10:15.635204
26860.0,14.08334,27200.0,0.15816,Hyperliquid,2023-10-15 19:10:15.635204
26840.0,15.96719,27206.0,0.00495,Hyperliquid,2023-10-15 19:10:15.635204
26750.0,14.01721,27212.0,0.005,Hyperliquid,2023-10-15 19:10:15.635204
26710.0,14.54322,27213.0,3.04049,Hyperliquid,2023-10-15 19:10:15.635204
26673.0,0.03,27218.0,0.00504,Hyperliquid,2023-10-15 19:10:15.635204
26608.0,0.01679,27224.0,0.00509,Hyperliquid,2023-10-15 19:10:15.635204
26600.0,0.03,27228.0,3.18092,Hyperliquid,2023-10-15 19:10:15.635204
26511.0,0.1,27230.0,0.00514,Hyperliquid,2023-10-15 19:10:15.635204
27026.0,0.59781,27034.0,0.49282,Hyperliquid,2023-10-15 20:13:23.972430
27025.0,5.95259,27038.0,2.51909,Hyperliquid,2023-10-15 20:13:23.972430
27024.0,0.1209,27039.0,2.4877,Hyperliquid,2023-10-15 20:13:23.972430
27023.0,0.24276,27043.0,2.47048,Hyperliquid,2023-10-15 20:13:23.972430
27022.0,3.21992,27045.0,2.54458,Hyperliquid,2023-10-15 20:13:23.972430
27021.0,3.04722,27048.0,0.00897,Hyperliquid,2023-10-15 20:13:23.972430
27020.0,0.00897,27069.0,4.53274,Hyperliquid,2023-10-15 20:13:23.972430
27005.0,6.48643,27100.0,0.255,Hyperliquid,2023-10-15 20:13:23.972430
26973.0,6.05309,27108.0,3.00466,Hyperliquid,2023-10-15 20:13:23.972430
26908.0,5.98168,27114.0,3.13608,Hyperliquid,2023-10-15 20:13:23.972430
26860.0,0.03933,27145.0,0.00551,Hyperliquid,2023-10-15 20:13:23.972430
26840.0,0.04351,27150.0,0.27155,Hyperliquid,2023-10-15 20:13:23.972430
26814.0,16.17885,27160.0,0.00319,Hyperliquid,2023-10-15 20:13:23.972430
26794.0,14.84989,27165.0,0.004,Hyperliquid,2023-10-15 20:13:23.972430
26710.0,14.54322,27178.0,2.73871,Hyperliquid,2023-10-15 20:13:23.972430
26680.0,15.30547,27198.0,3.00507,Hyperliquid,2023-10-15 20:13:23.972430
26673.0,0.03,27200.0,0.15816,Hyperliquid,2023-10-15 20:13:23.972430
26608.0,0.01679,27206.0,0.00495,Hyperliquid,2023-10-15 20:13:23.972430
26600.0,0.03,27212.0,0.005,Hyperliquid,2023-10-15 20:13:23.972430
26511.0,0.1,27218.0,0.00504,Hyperliquid,2023-10-15 20:13:23.972430
27118.0,0.0895,27138.0,2.59542,Hyperliquid,2023-10-15 21:11:16.308902
27115.0,0.25162,27139.0,2.15031,Hyperliquid,2023-10-15 21:11:16.308902
27112.0,0.00897,27144.0,4.9217,Hyperliquid,2023-10-15 21:11:16.308902
27108.0,5.88503,27149.0,4.55639,Hyperliquid,2023-10-15 21:11:16.308902
27106.0,0.57599,27174.0,4.74128,Hyperliquid,2023-10-15 21:11:16.308902
27102.0,5.58764,27208.0,2.77597,Hyperliquid,2023-10-15 21:11:16.308902
27098.0,5.80071,27210.0,2.75872,Hyperliquid,2023-10-15 21:11:16.308902
27093.0,6.16047,27248.0,0.00017,Hyperliquid,2023-10-15 21:11:16.308902
27077.0,6.07509,27255.0,0.00534,Hyperliquid,2023-10-15 21:11:16.308902
27070.0,2.75305,27261.0,0.00539,Hyperliquid,2023-10-15 21:11:16.308902
27060.0,2.71591,27267.0,0.00544,Hyperliquid,2023-10-15 21:11:16.308902
27049.0,2.90446,27273.0,0.00549,Hyperliquid,2023-10-15 21:11:16.308902
27026.0,3.24518,27279.0,0.00554,Hyperliquid,2023-10-15 21:11:16.308902
27011.0,3.19595,27285.0,0.00559,Hyperliquid,2023-10-15 21:11:16.308902
26993.0,3.08063,27291.0,0.00564,Hyperliquid,2023-10-15 21:11:16.308902
26915.0,13.76156,27297.0,0.00569,Hyperliquid,2023-10-15 21:11:16.308902
26900.0,14.21827,27300.0,0.81546,Hyperliquid,2023-10-15 21:11:16.308902
26860.0,0.03933,27303.0,0.00574,Hyperliquid,2023-10-15 21:11:16.308902
26840.0,0.04351,27305.0,6.23616,Hyperliquid,2023-10-15 21:11:16.308902
26807.0,15.60142,27309.0,0.00579,Hyperliquid,2023-10-15 21:11:16.308902
27282.0,0.57566,27290.0,0.01778,Hyperliquid,2023-10-15 22:12:10.292916
27279.0,0.17938,27291.0,0.00827,Hyperliquid,2023-10-15 22:12:10.292916
27278.0,5.63395,27292.0,0.44324,Hyperliquid,2023-10-15 22:12:10.292916
27274.0,6.25935,27293.0,0.01327,Hyperliquid,2023-10-15 22:12:10.292916
27265.0,3.14382,27298.0,4.68107,Hyperliquid,2023-10-15 22:12:10.292916
27258.0,3.07881,27300.0,0.83212,Hyperliquid,2023-10-15 22:12:10.292916
27256.0,3.11821,27302.0,0.00897,Hyperliquid,2023-10-15 22:12:10.292916
27238.0,6.2849,27303.0,4.49405,Hyperliquid,2023-10-15 22:12:10.292916
27184.0,2.75799,27305.0,4.50618,Hyperliquid,2023-10-15 22:12:10.292916
27178.0,2.86285,27309.0,0.00579,Hyperliquid,2023-10-15 22:12:10.292916
27051.0,15.81501,27311.0,4.56661,Hyperliquid,2023-10-15 22:12:10.292916
27038.0,14.60809,27315.0,0.00584,Hyperliquid,2023-10-15 22:12:10.292916
26942.0,30.55326,27321.0,0.00589,Hyperliquid,2023-10-15 22:12:10.292916
26860.0,0.03933,27327.0,0.00593,Hyperliquid,2023-10-15 22:12:10.292916
26840.0,0.04351,27332.0,2.01391,Hyperliquid,2023-10-15 22:12:10.292916
26749.0,13.90586,27333.0,2.1899,Hyperliquid,2023-10-15 22:12:10.292916
26673.0,0.03,27334.0,0.123,Hyperliquid,2023-10-15 22:12:10.292916
26638.0,14.84778,27339.0,0.00603,Hyperliquid,2023-10-15 22:12:10.292916
26608.0,0.01679,27342.0,4.67644,Hyperliquid,2023-10-15 22:12:10.292916
26600.0,0.03,27345.0,0.00608,Hyperliquid,2023-10-15 22:12:10.292916
27056.0,0.63254,27063.0,0.20521,Hyperliquid,2023-10-15 23:13:12.103907
27054.0,0.13383,27064.0,0.43199,Hyperliquid,2023-10-15 23:13:12.103907
27053.0,0.02741,27066.0,0.41686,Hyperliquid,2023-10-15 23:13:12.103907
27052.0,5.9412,27069.0,4.29529,Hyperliquid,2023-10-15 23:13:12.103907
27049.0,2.86945,27072.0,0.00897,Hyperliquid,2023-10-15 23:13:12.103907
27048.0,3.27974,27074.0,4.69711,Hyperliquid,2023-10-15 23:13:12.103907
27045.0,0.00897,27099.0,4.53003,Hyperliquid,2023-10-15 23:13:12.103907
27024.0,6.22053,27126.0,6.28734,Hyperliquid,2023-10-15 23:13:12.103907
27000.0,5.7713,27215.0,5.88884,Hyperliquid,2023-10-15 23:13:12.103907
26944.0,3.16034,27300.0,0.39853,Hyperliquid,2023-10-15 23:13:12.103907
26932.0,3.0443,27303.0,0.00574,Hyperliquid,2023-10-15 23:13:12.103907
26860.0,0.03933,27309.0,0.00579,Hyperliquid,2023-10-15 23:13:12.103907
26847.0,16.16881,27315.0,0.00584,Hyperliquid,2023-10-15 23:13:12.103907
26840.0,0.04351,27321.0,0.00589,Hyperliquid,2023-10-15 23:13:12.103907
26816.0,15.35528,27327.0,0.00593,Hyperliquid,2023-10-15 23:13:12.103907
26737.0,16.42919,27333.0,0.00598,Hyperliquid,2023-10-15 23:13:12.103907
26731.0,15.80316,27339.0,0.00603,Hyperliquid,2023-10-15 23:13:12.103907
26673.0,0.03,27345.0,0.00608,Hyperliquid,2023-10-15 23:13:12.103907
26600.0,0.03,27352.0,0.00613,Hyperliquid,2023-10-15 23:13:12.103907
26526.0,13.88414,27358.0,0.00618,Hyperliquid,2023-10-15 23:13:12.103907
27138.0,0.60159,27147.0,0.51587,Hyperliquid,2023-10-16 01:01:40.263702
27137.0,5.95769,27153.0,5.09922,Hyperliquid,2023-10-16 01:01:40.263702
27133.0,5.92958,27156.0,0.10653,Hyperliquid,2023-10-16 01:01:40.263702
27129.0,0.00897,27157.0,5.12051,Hyperliquid,2023-10-16 01:01:40.263702
27118.0,3.01835,27181.0,0.32512,Hyperliquid,2023-10-16 01:01:40.263702
27114.0,2.89884,27182.0,2.7321,Hyperliquid,2023-10-16 01:01:40.263702
27093.0,2.89288,27186.0,2.49938,Hyperliquid,2023-10-16 01:01:40.263702
27086.0,3.16199,27221.0,3.23228,Hyperliquid,2023-10-16 01:01:40.263702
27031.0,5.97943,27223.0,3.1671,Hyperliquid,2023-10-16 01:01:40.263702
26918.0,29.81212,27267.0,3.1725,Hyperliquid,2023-10-16 01:01:40.263702
26860.0,0.03933,27268.0,3.21125,Hyperliquid,2023-10-16 01:01:40.263702
26840.0,0.04351,27300.0,0.39853,Hyperliquid,2023-10-16 01:01:40.263702
26821.0,13.84329,27303.0,0.00574,Hyperliquid,2023-10-16 01:01:40.263702
26804.0,16.09612,27309.0,0.00579,Hyperliquid,2023-10-16 01:01:40.263702
26673.0,0.03,27315.0,0.00584,Hyperliquid,2023-10-16 01:01:40.263702
26636.0,15.0924,27321.0,0.00589,Hyperliquid,2023-10-16 01:01:40.263702
26635.0,14.31645,27327.0,0.00593,Hyperliquid,2023-10-16 01:01:40.263702
26600.0,0.03,27333.0,0.00598,Hyperliquid,2023-10-16 01:01:40.263702
26511.0,0.1,27339.0,0.00603,Hyperliquid,2023-10-16 01:01:40.263702
26472.0,0.72268,27345.0,0.00608,Hyperliquid,2023-10-16 01:01:40.263702
27248.0,0.00866,27254.0,0.41087,Hyperliquid,2023-10-16 02:22:48.795675
27247.0,0.29527,27255.0,0.00933,Hyperliquid,2023-10-16 02:22:48.795675
27246.0,0.32077,27258.0,2.08769,Hyperliquid,2023-10-16 02:22:48.795675
27243.0,2.87826,27259.0,0.09872,Hyperliquid,2023-10-16 02:22:48.795675
27242.0,2.67804,27260.0,2.05927,Hyperliquid,2023-10-16 02:22:48.795675
27240.0,6.38158,27263.0,0.32417,Hyperliquid,2023-10-16 02:22:48.795675
27237.0,0.00897,27264.0,2.42775,Hyperliquid,2023-10-16 02:22:48.795675
27223.0,3.03219,27265.0,2.09595,Hyperliquid,2023-10-16 02:22:48.795675
27222.0,2.68612,27295.0,4.45282,Hyperliquid,2023-10-16 02:22:48.795675
27197.0,5.68166,27300.0,0.39853,Hyperliquid,2023-10-16 02:22:48.795675
27134.0,2.78143,27303.0,0.00574,Hyperliquid,2023-10-16 02:22:48.795675
27129.0,2.83043,27309.0,0.00579,Hyperliquid,2023-10-16 02:22:48.795675
27006.0,30.54679,27315.0,0.00584,Hyperliquid,2023-10-16 02:22:48.795675
26888.0,14.07959,27321.0,0.00589,Hyperliquid,2023-10-16 02:22:48.795675
26870.0,14.98744,27327.0,0.00593,Hyperliquid,2023-10-16 02:22:48.795675
26860.0,0.03933,27330.0,2.73374,Hyperliquid,2023-10-16 02:22:48.795675
26840.0,0.04351,27332.0,2.93792,Hyperliquid,2023-10-16 02:22:48.795675
26673.0,0.03,27333.0,0.00598,Hyperliquid,2023-10-16 02:22:48.795675
26636.0,15.0924,27339.0,0.00603,Hyperliquid,2023-10-16 02:22:48.795675
26635.0,14.31645,27345.0,0.00608,Hyperliquid,2023-10-16 02:22:48.795675
27166.0,0.62909,27171.0,0.0004,Hyperliquid,2023-10-16 03:14:33.252179
27165.0,0.00367,27172.0,0.09534,Hyperliquid,2023-10-16 03:14:33.252179
27164.0,0.00465,27173.0,0.7954,Hyperliquid,2023-10-16 03:14:33.252179
27163.0,0.0087,27174.0,0.00063,Hyperliquid,2023-10-16 03:14:33.252179
27162.0,5.70782,27178.0,4.79943,Hyperliquid,2023-10-16 03:14:33.252179
27160.0,3.26754,27182.0,0.00897,Hyperliquid,2023-10-16 03:14:33.252179
27159.0,2.73133,27183.0,4.62751,Hyperliquid,2023-10-16 03:14:33.252179
27154.0,0.00897,27211.0,4.51327,Hyperliquid,2023-10-16 03:14:33.252179
27138.0,6.34404,27247.0,3.01974,Hyperliquid,2023-10-16 03:14:33.252179
27112.0,6.18031,27249.0,3.2143,Hyperliquid,2023-10-16 03:14:33.252179
27077.0,3.03007,27300.0,0.39853,Hyperliquid,2023-10-16 03:14:33.252179
27062.0,3.22029,27303.0,0.00574,Hyperliquid,2023-10-16 03:14:33.252179
26959.0,16.24057,27309.0,0.00579,Hyperliquid,2023-10-16 03:14:33.252179
26956.0,15.08947,27315.0,0.00584,Hyperliquid,2023-10-16 03:14:33.252179
26887.0,14.22806,27321.0,0.00589,Hyperliquid,2023-10-16 03:14:33.252179
26867.0,15.39641,27324.0,2.71234,Hyperliquid,2023-10-16 03:14:33.252179
26860.0,0.03933,27327.0,0.00593,Hyperliquid,2023-10-16 03:14:33.252179
26840.0,0.04351,27333.0,0.00598,Hyperliquid,2023-10-16 03:14:33.252179
26673.0,0.03,27335.0,3.04709,Hyperliquid,2023-10-16 03:14:33.252179
26636.0,15.0924,27339.0,0.00603,Hyperliquid,2023-10-16 03:14:33.252179
27227.0,0.00042,27231.0,0.18478,Hyperliquid,2023-10-16 04:16:33.843095
27225.0,0.00409,27232.0,0.42426,Hyperliquid,2023-10-16 04:16:33.843095
27224.0,0.61661,27237.0,0.05972,Hyperliquid,2023-10-16 04:16:33.843095
27223.0,6.17048,27238.0,4.58242,Hyperliquid,2023-10-16 04:16:33.843095
27222.0,0.00933,27240.0,4.63924,Hyperliquid,2023-10-16 04:16:33.843095
27220.0,5.68161,27242.0,0.00897,Hyperliquid,2023-10-16 04:16:33.843095
27214.0,0.00897,27267.0,2.29194,Hyperliquid,2023-10-16 04:16:33.843095
27201.0,2.99531,27269.0,2.39371,Hyperliquid,2023-10-16 04:16:33.843095
27198.0,3.20884,27300.0,0.39853,Hyperliquid,2023-10-16 04:16:33.843095
27179.0,2.8411,27303.0,0.00574,Hyperliquid,2023-10-16 04:16:33.843095
27173.0,2.78221,27309.0,0.00579,Hyperliquid,2023-10-16 04:16:33.843095
27131.0,3.25282,27312.0,2.98322,Hyperliquid,2023-10-16 04:16:33.843095
27122.0,2.92288,27315.0,3.09933,Hyperliquid,2023-10-16 04:16:33.843095
27004.0,14.12464,27321.0,0.00589,Hyperliquid,2023-10-16 04:16:33.843095
27001.0,15.98625,27327.0,0.00593,Hyperliquid,2023-10-16 04:16:33.843095
26887.0,14.22806,27333.0,0.00598,Hyperliquid,2023-10-16 04:16:33.843095
26867.0,15.39641,27335.0,0.31751,Hyperliquid,2023-10-16 04:16:33.843095
26860.0,0.03933,27339.0,0.00603,Hyperliquid,2023-10-16 04:16:33.843095
26840.0,0.04351,27345.0,0.00608,Hyperliquid,2023-10-16 04:16:33.843095
26673.0,0.03,27352.0,0.00613,Hyperliquid,2023-10-16 04:16:33.843095
27278.0,0.05407,27282.0,0.11808,Hyperliquid,2023-10-16 05:13:21.971628
27277.0,0.57003,27283.0,0.22324,Hyperliquid,2023-10-16 05:13:21.971628
27274.0,0.05888,27284.0,0.45719,Hyperliquid,2023-10-16 05:13:21.971628
27273.0,5.99615,27289.0,2.38153,Hyperliquid,2023-10-16 05:13:21.971628
27269.0,3.14798,27290.0,2.1082,Hyperliquid,2023-10-16 05:13:21.971628
27268.0,2.78669,27291.0,4.19624,Hyperliquid,2023-10-16 05:13:21.971628
27265.0,0.00897,27300.0,0.39853,Hyperliquid,2023-10-16 05:13:21.971628
27247.0,3.21979,27303.0,0.00574,Hyperliquid,2023-10-16 05:13:21.971628
27244.0,2.79005,27309.0,0.00579,Hyperliquid,2023-10-16 05:13:21.971628
27225.0,0.025,27315.0,0.00584,Hyperliquid,2023-10-16 05:13:21.971628
27221.0,2.75926,27318.0,4.53249,Hyperliquid,2023-10-16 05:13:21.971628
27213.0,2.80722,27321.0,0.00589,Hyperliquid,2023-10-16 05:13:21.971628
27169.0,2.68875,27327.0,0.00593,Hyperliquid,2023-10-16 05:13:21.971628
27154.0,3.09025,27333.0,0.00598,Hyperliquid,2023-10-16 05:13:21.971628
27050.0,15.28815,27335.0,0.31751,Hyperliquid,2023-10-16 05:13:21.971628
27046.0,13.91488,27339.0,0.00603,Hyperliquid,2023-10-16 05:13:21.971628
26954.0,13.71798,27345.0,0.00608,Hyperliquid,2023-10-16 05:13:21.971628
26934.0,15.91826,27351.0,3.2504,Hyperliquid,2023-10-16 05:13:21.971628
26860.0,0.03933,27352.0,0.00613,Hyperliquid,2023-10-16 05:13:21.971628
26840.0,0.04351,27356.0,3.22903,Hyperliquid,2023-10-16 05:13:21.971628
27877.0,0.0757,27882.0,0.57741,Hyperliquid,2023-10-16 06:19:14.387194
27876.0,0.00634,27885.0,2.81794,Hyperliquid,2023-10-16 06:19:14.387194
27871.0,0.53321,27887.0,2.50938,Hyperliquid,2023-10-16 06:19:14.387194
27869.0,0.60111,27892.0,0.20403,Hyperliquid,2023-10-16 06:19:14.387194
27867.0,0.59851,27893.0,5.3315,Hyperliquid,2023-10-16 06:19:14.387194
27865.0,5.54525,27914.0,5.73438,Hyperliquid,2023-10-16 06:19:14.387194
27862.0,3.04154,27948.0,2.85168,Hyperliquid,2023-10-16 06:19:14.387194
27861.0,5.74073,27950.0,2.69988,Hyperliquid,2023-10-16 06:19:14.387194
27841.0,3.14586,27991.0,0.01014,Hyperliquid,2023-10-16 06:19:14.387194
27840.0,3.17043,28020.0,6.14095,Hyperliquid,2023-10-16 06:19:14.387194
27803.0,5.72952,28153.0,14.27063,Hyperliquid,2023-10-16 06:19:14.387194
27771.0,3.11902,28157.0,15.71761,Hyperliquid,2023-10-16 06:19:14.387194
27765.0,2.82229,28200.0,1.0,Hyperliquid,2023-10-16 06:19:14.387194
27676.0,15.45518,28260.0,13.8603,Hyperliquid,2023-10-16 06:19:14.387194
27639.0,15.3726,28284.0,13.20919,Hyperliquid,2023-10-16 06:19:14.387194
27546.0,15.79769,28300.0,0.02,Hyperliquid,2023-10-16 06:19:14.387194
27529.0,13.63964,28333.0,1.18501,Hyperliquid,2023-10-16 06:19:14.387194
27375.0,14.06406,28444.0,1.18501,Hyperliquid,2023-10-16 06:19:14.387194
27285.0,12.64714,28532.0,5.66053,Hyperliquid,2023-10-16 06:19:14.387194
26860.0,0.03933,28556.0,1.18501,Hyperliquid,2023-10-16 06:19:14.387194
27846.0,0.01284,27853.0,0.09686,Hyperliquid,2023-10-16 07:13:16.893281
27845.0,0.56165,27854.0,0.57856,Hyperliquid,2023-10-16 07:13:16.893281
27843.0,5.81756,27858.0,2.69345,Hyperliquid,2023-10-16 07:13:16.893281
27840.0,5.49181,27859.0,2.98377,Hyperliquid,2023-10-16 07:13:16.893281
27839.0,0.00897,27861.0,0.27975,Hyperliquid,2023-10-16 07:13:16.893281
27820.0,2.72167,27862.0,5.71798,Hyperliquid,2023-10-16 07:13:16.893281
27819.0,3.10327,27865.0,0.00897,Hyperliquid,2023-10-16 07:13:16.893281
27791.0,6.26334,27887.0,2.65306,Hyperliquid,2023-10-16 07:13:16.893281
27741.0,5.93089,27888.0,2.81744,Hyperliquid,2023-10-16 07:13:16.893281
27623.0,15.17874,27912.0,3.14487,Hyperliquid,2023-10-16 07:13:16.893281
27590.0,14.29762,27913.0,2.92901,Hyperliquid,2023-10-16 07:13:16.893281
27476.0,15.92953,27975.0,5.67405,Hyperliquid,2023-10-16 07:13:16.893281
27457.0,15.06929,27991.0,0.01014,Hyperliquid,2023-10-16 07:13:16.893281
27285.0,12.64714,28102.0,15.08275,Hyperliquid,2023-10-16 07:13:16.893281
27259.0,15.25149,28107.0,13.8499,Hyperliquid,2023-10-16 07:13:16.893281
26860.0,0.03933,28181.0,14.85213,Hyperliquid,2023-10-16 07:13:16.893281
26840.0,0.04351,28200.0,1.0,Hyperliquid,2023-10-16 07:13:16.893281
26673.0,0.03,28204.0,14.21111,Hyperliquid,2023-10-16 07:13:16.893281
26600.0,0.03,28300.0,0.03124,Hyperliquid,2023-10-16 07:13:16.893281
26511.0,0.1,28333.0,1.18501,Hyperliquid,2023-10-16 07:13:16.893281
27871.0,0.59176,27881.0,0.26117,Hyperliquid,2023-10-16 08:18:31.388635
27866.0,5.8079,27882.0,0.27076,Hyperliquid,2023-10-16 08:18:31.388635
27863.0,6.30712,27886.0,4.75164,Hyperliquid,2023-10-16 08:18:31.388635
27859.0,0.00897,27887.0,0.03689,Hyperliquid,2023-10-16 08:18:31.388635
27843.0,2.79852,27888.0,0.14801,Hyperliquid,2023-10-16 08:18:31.388635
27842.0,2.72151,27889.0,0.00897,Hyperliquid,2023-10-16 08:18:31.388635
27808.0,2.96079,27891.0,5.60751,Hyperliquid,2023-10-16 08:18:31.388635
27806.0,3.06732,27910.0,5.20416,Hyperliquid,2023-10-16 08:18:31.388635
27738.0,5.64707,27935.0,2.63993,Hyperliquid,2023-10-16 08:18:31.388635
27638.0,13.99291,27951.0,2.7022,Hyperliquid,2023-10-16 08:18:31.388635
27621.0,15.9197,27952.0,2.64092,Hyperliquid,2023-10-16 08:18:31.388635
27545.0,15.11837,27991.0,0.01014,Hyperliquid,2023-10-16 08:18:31.388635
27527.0,16.05271,28009.0,5.82253,Hyperliquid,2023-10-16 08:18:31.388635
27285.0,12.64714,28160.0,15.34753,Hyperliquid,2023-10-16 08:18:31.388635
27259.0,15.25149,28165.0,13.79057,Hyperliquid,2023-10-16 08:18:31.388635
26860.0,0.03933,28200.0,1.0,Hyperliquid,2023-10-16 08:18:31.388635
26840.0,0.04351,28260.0,14.513,Hyperliquid,2023-10-16 08:18:31.388635
26673.0,0.03,28284.0,14.12868,Hyperliquid,2023-10-16 08:18:31.388635
26600.0,0.03,28300.0,0.03124,Hyperliquid,2023-10-16 08:18:31.388635
26511.0,0.1,28333.0,1.18501,Hyperliquid,2023-10-16 08:18:31.388635
27682.0,0.01547,27691.0,0.00432,Hyperliquid,2023-10-16 09:14:58.877501
27681.0,0.58562,27692.0,0.52969,Hyperliquid,2023-10-16 09:14:58.877501
27678.0,6.1309,27695.0,0.16045,Hyperliquid,2023-10-16 09:14:58.877501
27672.0,3.00463,27696.0,0.29039,Hyperliquid,2023-10-16 09:14:58.877501
27671.0,2.70475,27697.0,5.42321,Hyperliquid,2023-10-16 09:14:58.877501
27670.0,0.00897,27699.0,2.68347,Hyperliquid,2023-10-16 09:14:58.877501
27648.0,2.70206,27701.0,2.5014,Hyperliquid,2023-10-16 09:14:58.877501
27646.0,3.18078,27718.0,5.37083,Hyperliquid,2023-10-16 09:14:58.877501
27624.0,3.1874,27755.0,2.7955,Hyperliquid,2023-10-16 09:14:58.877501
27618.0,0.21725,27758.0,2.73431,Hyperliquid,2023-10-16 09:14:58.877501
27617.0,2.87337,27842.0,5.91616,Hyperliquid,2023-10-16 09:14:58.877501
27579.0,2.9396,27942.0,13.04957,Hyperliquid,2023-10-16 09:14:58.877501
27556.0,3.06393,27948.0,13.28217,Hyperliquid,2023-10-16 09:14:58.877501
27473.0,13.48283,27991.0,0.01014,Hyperliquid,2023-10-16 09:14:58.877501
27446.0,13.73419,28099.0,14.40778,Hyperliquid,2023-10-16 09:14:58.877501
27385.0,15.70122,28125.0,14.36305,Hyperliquid,2023-10-16 09:14:58.877501
27333.0,14.71138,28200.0,1.0,Hyperliquid,2023-10-16 09:14:58.877501
27169.0,15.18719,28300.0,0.03124,Hyperliquid,2023-10-16 09:14:58.877501
27144.0,14.51601,28333.0,1.18501,Hyperliquid,2023-10-16 09:14:58.877501
26860.0,0.03933,28335.0,13.0359,Hyperliquid,2023-10-16 09:14:58.877501
27739.0,0.31388,27746.0,0.00317,Hyperliquid,2023-10-16 10:15:28.992313
27738.0,0.31432,27747.0,0.53802,Hyperliquid,2023-10-16 10:15:28.992313
27735.0,6.04583,27749.0,0.02293,Hyperliquid,2023-10-16 10:15:28.992313
27732.0,6.08459,27750.0,0.24725,Hyperliquid,2023-10-16 10:15:28.992313
27727.0,0.00897,27751.0,8.34272,Hyperliquid,2023-10-16 10:15:28.992313
27715.0,5.72877,27753.0,2.81806,Hyperliquid,2023-10-16 10:15:28.992313
27692.0,2.83368,27779.0,5.5677,Hyperliquid,2023-10-16 10:15:28.992313
27688.0,0.17751,27819.0,5.95793,Hyperliquid,2023-10-16 10:15:28.992313
27685.0,3.01328,27878.0,5.67836,Hyperliquid,2023-10-16 10:15:28.992313
27625.0,5.84494,27991.0,0.01014,Hyperliquid,2023-10-16 10:15:28.992313
27618.0,0.21725,27999.0,15.3556,Hyperliquid,2023-10-16 10:15:28.992313
27563.0,0.17751,28005.0,14.25684,Hyperliquid,2023-10-16 10:15:28.992313
27538.0,15.41612,28099.0,14.40778,Hyperliquid,2023-10-16 10:15:28.992313
27518.0,13.808,28128.0,15.62627,Hyperliquid,2023-10-16 10:15:28.992313
27500.0,0.17751,28200.0,1.0,Hyperliquid,2023-10-16 10:15:28.992313
27402.0,13.46186,28300.0,0.03124,Hyperliquid,2023-10-16 10:15:28.992313
27384.0,14.69012,28333.0,1.18501,Hyperliquid,2023-10-16 10:15:28.992313
27169.0,15.18719,28335.0,13.0359,Hyperliquid,2023-10-16 10:15:28.992313
27144.0,14.51601,28350.0,0.00353,Hyperliquid,2023-10-16 10:15:28.992313
26860.0,0.03933,28401.0,13.12001,Hyperliquid,2023-10-16 10:15:28.992313
27739.0,0.54097,27746.0,0.54894,Hyperliquid,2023-10-16 11:12:08.567151
27735.0,6.19219,27749.0,0.18037,Hyperliquid,2023-10-16 11:12:08.567151
27732.0,2.88494,27751.0,5.61366,Hyperliquid,2023-10-16 11:12:08.567151
27731.0,2.76835,27752.0,5.38836,Hyperliquid,2023-10-16 11:12:08.567151
27715.0,2.76241,27756.0,0.00897,Hyperliquid,2023-10-16 11:12:08.567151
27712.0,3.03216,27777.0,2.67689,Hyperliquid,2023-10-16 11:12:08.567151
27694.0,2.7757,27781.0,2.69925,Hyperliquid,2023-10-16 11:12:08.567151
27688.0,0.17751,27805.0,5.42092,Hyperliquid,2023-10-16 11:12:08.567151
27684.0,2.74082,27883.0,5.37807,Hyperliquid,2023-10-16 11:12:08.567151
27647.0,3.07732,27991.0,0.01014,Hyperliquid,2023-10-16 11:12:08.567151
27644.0,3.22137,28000.0,13.42161,Hyperliquid,2023-10-16 11:12:08.567151
27625.0,0.17751,28005.0,15.56583,Hyperliquid,2023-10-16 11:12:08.567151
27618.0,0.21725,28099.0,14.40778,Hyperliquid,2023-10-16 11:12:08.567151
27563.0,0.17751,28128.0,15.62627,Hyperliquid,2023-10-16 11:12:08.567151
27537.0,15.86276,28200.0,1.0,Hyperliquid,2023-10-16 11:12:08.567151
27518.0,15.81549,28300.0,0.03124,Hyperliquid,2023-10-16 11:12:08.567151
27500.0,0.17751,28333.0,1.18501,Hyperliquid,2023-10-16 11:12:08.567151
27402.0,13.46186,28335.0,13.0359,Hyperliquid,2023-10-16 11:12:08.567151
27384.0,14.69012,28350.0,0.00353,Hyperliquid,2023-10-16 11:12:08.567151
27169.0,15.18719,28401.0,13.12001,Hyperliquid,2023-10-16 11:12:08.567151
27782.0,0.55148,27790.0,0.58086,Hyperliquid,2023-10-16 12:28:04.465340
27777.0,5.67201,27794.0,5.67918,Hyperliquid,2023-10-16 12:28:04.465340
27776.0,2.83698,27800.0,5.65856,Hyperliquid,2023-10-16 12:28:04.465340
27774.0,0.00897,27803.0,0.2804,Hyperliquid,2023-10-16 12:28:04.465340
27773.0,2.97659,27804.0,0.00897,Hyperliquid,2023-10-16 12:28:04.465340
27756.0,5.61218,27820.0,2.72107,Hyperliquid,2023-10-16 12:28:04.465340
27724.0,5.51801,27823.0,2.64609,Hyperliquid,2023-10-16 12:28:04.465340
27687.0,2.79606,27862.0,5.90042,Hyperliquid,2023-10-16 12:28:04.465340
27672.0,2.88087,27917.0,2.64906,Hyperliquid,2023-10-16 12:28:04.465340
27625.0,0.17751,27919.0,3.07779,Hyperliquid,2023-10-16 12:28:04.465340
27618.0,0.21725,27991.0,0.01014,Hyperliquid,2023-10-16 12:28:04.465340
27563.0,16.15491,28030.0,0.00824,Hyperliquid,2023-10-16 12:28:04.465340
27536.0,14.41523,28056.0,15.45771,Hyperliquid,2023-10-16 12:28:04.465340
27500.0,0.17751,28060.0,14.12419,Hyperliquid,2023-10-16 12:28:04.465340
27474.0,14.0471,28129.0,12.97518,Hyperliquid,2023-10-16 12:28:04.465340
27454.0,13.31395,28176.0,14.21637,Hyperliquid,2023-10-16 12:28:04.465340
27169.0,15.18719,28200.0,1.0,Hyperliquid,2023-10-16 12:28:04.465340
27144.0,14.51601,28300.0,0.03124,Hyperliquid,2023-10-16 12:28:04.465340
26860.0,0.03933,28333.0,1.18501,Hyperliquid,2023-10-16 12:28:04.465340
26840.0,0.04351,28335.0,13.0359,Hyperliquid,2023-10-16 12:28:04.465340
27899.0,0.58657,27907.0,0.55599,Hyperliquid,2023-10-16 13:18:27.840293
27895.0,6.2769,27912.0,5.20631,Hyperliquid,2023-10-16 13:18:27.840293
27893.0,0.00897,27915.0,0.18941,Hyperliquid,2023-10-16 13:18:27.840293
27891.0,6.25121,27916.0,5.52721,Hyperliquid,2023-10-16 13:18:27.840293
27873.0,5.81145,27918.0,0.27923,Hyperliquid,2023-10-16 13:18:27.840293
27837.0,5.54217,27919.0,0.00897,Hyperliquid,2023-10-16 13:18:27.840293
27799.0,2.65356,27938.0,2.73026,Hyperliquid,2023-10-16 13:18:27.840293
27788.0,2.80525,27946.0,3.00363,Hyperliquid,2023-10-16 13:18:27.840293
27678.0,13.76237,27980.0,2.71577,Hyperliquid,2023-10-16 13:18:27.840293
27660.0,15.3,27982.0,3.12841,Hyperliquid,2023-10-16 13:18:27.840293
27625.0,0.17751,27990.0,0.1,Hyperliquid,2023-10-16 13:18:27.840293
27618.0,0.21725,27991.0,0.01014,Hyperliquid,2023-10-16 13:18:27.840293
27599.0,15.07576,28030.0,0.00824,Hyperliquid,2023-10-16 13:18:27.840293
27563.0,0.17751,28057.0,3.02119,Hyperliquid,2023-10-16 13:18:27.840293
27544.0,14.57349,28058.0,2.60036,Hyperliquid,2023-10-16 13:18:27.840293
27500.0,0.17751,28169.0,13.49165,Hyperliquid,2023-10-16 13:18:27.840293
27374.0,15.23076,28173.0,14.38231,Hyperliquid,2023-10-16 13:18:27.840293
27284.0,14.96825,28200.0,1.0,Hyperliquid,2023-10-16 13:18:27.840293
26860.0,0.03933,28288.0,15.47276,Hyperliquid,2023-10-16 13:18:27.840293
26840.0,0.04351,28300.0,0.03124,Hyperliquid,2023-10-16 13:18:27.840293
28153.0,0.58094,28165.0,0.45539,Hyperliquid,2023-10-16 15:14:39.412160
28150.0,2.75049,28169.0,0.00897,Hyperliquid,2023-10-16 15:14:39.412160
28148.0,2.68609,28172.0,2.17748,Hyperliquid,2023-10-16 15:14:39.412160
28142.0,5.42448,28173.0,2.43507,Hyperliquid,2023-10-16 15:14:39.412160
28141.0,0.00684,28178.0,2.36433,Hyperliquid,2023-10-16 15:14:39.412160
28140.0,0.14957,28179.0,2.35928,Hyperliquid,2023-10-16 15:14:39.412160
28138.0,0.00897,28210.0,2.21413,Hyperliquid,2023-10-16 15:14:39.412160
28125.0,5.61421,28212.0,2.47138,Hyperliquid,2023-10-16 15:14:39.412160
28096.0,2.62267,28220.0,0.11767,Hyperliquid,2023-10-16 15:14:39.412160
28089.0,3.11446,28246.0,5.60856,Hyperliquid,2023-10-16 15:14:39.412160
28037.0,3.06546,28313.0,2.63511,Hyperliquid,2023-10-16 15:14:39.412160
28013.0,3.02385,28322.0,2.9993,Hyperliquid,2023-10-16 15:14:39.412160
27933.0,0.02462,28450.0,0.03686,Hyperliquid,2023-10-16 15:14:39.412160
27908.0,13.19558,28473.0,29.65914,Hyperliquid,2023-10-16 15:14:39.412160
27894.0,13.39943,28500.0,0.05,Hyperliquid,2023-10-16 15:14:39.412160
27893.0,0.00122,28590.0,15.47853,Hyperliquid,2023-10-16 15:14:39.412160
27818.0,14.22641,28659.0,13.00392,Hyperliquid,2023-10-16 15:14:39.412160
27814.0,0.00122,28963.0,13.22286,Hyperliquid,2023-10-16 15:14:39.412160
27755.0,13.49936,28982.0,12.15915,Hyperliquid,2023-10-16 15:14:39.412160
27736.0,0.00122,29600.0,0.02,Hyperliquid,2023-10-16 15:14:39.412160
28150.0,0.26701,28158.0,0.22378,Hyperliquid,2023-10-16 16:18:44.833044
28149.0,0.03732,28160.0,0.47195,Hyperliquid,2023-10-16 16:18:44.833044
28148.0,3.41744,28161.0,0.00812,Hyperliquid,2023-10-16 16:18:44.833044
28147.0,3.14177,28162.0,0.47422,Hyperliquid,2023-10-16 16:18:44.833044
28145.0,3.35086,28164.0,0.00159,Hyperliquid,2023-10-16 16:18:44.833044
28144.0,5.61181,28166.0,4.9623,Hyperliquid,2023-10-16 16:18:44.833044
28143.0,2.86104,28169.0,4.61145,Hyperliquid,2023-10-16 16:18:44.833044
28140.0,2.70615,28170.0,5.03134,Hyperliquid,2023-10-16 16:18:44.833044
28129.0,3.07152,28174.0,4.77048,Hyperliquid,2023-10-16 16:18:44.833044
28125.0,3.14987,28200.0,2.13184,Hyperliquid,2023-10-16 16:18:44.833044
28121.0,2.90696,28201.0,2.24477,Hyperliquid,2023-10-16 16:18:44.833044
28095.0,5.70568,28209.0,2.31132,Hyperliquid,2023-10-16 16:18:44.833044
28035.0,2.89142,28220.0,0.11767,Hyperliquid,2023-10-16 16:18:44.833044
28034.0,2.94209,28234.0,2.95872,Hyperliquid,2023-10-16 16:18:44.833044
27903.0,0.01792,28247.0,2.82337,Hyperliquid,2023-10-16 16:18:44.833044
27899.0,14.68065,28295.0,6.14666,Hyperliquid,2023-10-16 16:18:44.833044
27893.0,13.61786,28450.0,0.03827,Hyperliquid,2023-10-16 16:18:44.833044
27829.0,14.32999,28474.0,28.72925,Hyperliquid,2023-10-16 16:18:44.833044
27815.0,15.93196,28500.0,0.05,Hyperliquid,2023-10-16 16:18:44.833044
27814.0,0.00122,28565.0,13.02986,Hyperliquid,2023-10-16 16:18:44.833044
28219.0,0.1075,28226.0,0.03186,Hyperliquid,2023-10-16 17:12:44.356347
28218.0,0.30622,28227.0,0.0085,Hyperliquid,2023-10-16 17:12:44.356347
28216.0,0.58466,28228.0,0.45559,Hyperliquid,2023-10-16 17:12:44.356347
28213.0,0.26529,28237.0,4.55952,Hyperliquid,2023-10-16 17:12:44.356347
28212.0,5.82537,28240.0,2.06592,Hyperliquid,2023-10-16 17:12:44.356347
28210.0,3.10688,28241.0,2.3789,Hyperliquid,2023-10-16 17:12:44.356347
28208.0,3.00161,28274.0,2.16033,Hyperliquid,2023-10-16 17:12:44.356347
28193.0,2.70493,28277.0,2.46795,Hyperliquid,2023-10-16 17:12:44.356347
28191.0,2.82668,28310.0,2.78669,Hyperliquid,2023-10-16 17:12:44.356347
28164.0,3.01925,28312.0,2.8487,Hyperliquid,2023-10-16 17:12:44.356347
28161.0,2.85566,28364.0,5.55992,Hyperliquid,2023-10-16 17:12:44.356347
28106.0,3.09014,28450.0,0.00141,Hyperliquid,2023-10-16 17:12:44.356347
28103.0,2.82381,28500.0,0.05,Hyperliquid,2023-10-16 17:12:44.356347
27992.0,15.24933,28540.0,29.50803,Hyperliquid,2023-10-16 17:12:44.356347
27989.0,13.90299,28659.0,15.384,Hyperliquid,2023-10-16 17:12:44.356347
27903.0,0.01792,28689.0,14.46954,Hyperliquid,2023-10-16 17:12:44.356347
27893.0,0.00122,28964.0,13.07343,Hyperliquid,2023-10-16 17:12:44.356347
27826.0,15.33153,28987.0,14.13941,Hyperliquid,2023-10-16 17:12:44.356347
27815.0,14.37719,29600.0,0.02,Hyperliquid,2023-10-16 17:12:44.356347
27814.0,0.00122,29800.0,0.02134,Hyperliquid,2023-10-16 17:12:44.356347
28382.0,0.05239,28391.0,0.21388,Hyperliquid,2023-10-16 18:18:56.445459
28381.0,0.0077,28392.0,0.21362,Hyperliquid,2023-10-16 18:18:56.445459
28379.0,0.56341,28396.0,2.22596,Hyperliquid,2023-10-16 18:18:56.445459
28377.0,0.57226,28399.0,2.01722,Hyperliquid,2023-10-16 18:18:56.445459
28375.0,0.27344,28401.0,2.41376,Hyperliquid,2023-10-16 18:18:56.445459
28374.0,5.94882,28404.0,2.39285,Hyperliquid,2023-10-16 18:18:56.445459
28371.0,0.00897,28405.0,1.98474,Hyperliquid,2023-10-16 18:18:56.445459
28370.0,5.6876,28426.0,1.97178,Hyperliquid,2023-10-16 18:18:56.445459
28342.0,3.02285,28435.0,2.06431,Hyperliquid,2023-10-16 18:18:56.445459
28341.0,2.91416,28450.0,0.00141,Hyperliquid,2023-10-16 18:18:56.445459
28314.0,5.44164,28472.0,2.83312,Hyperliquid,2023-10-16 18:18:56.445459
28258.0,3.11601,28474.0,2.85365,Hyperliquid,2023-10-16 18:18:56.445459
28251.0,2.86758,28500.0,0.05,Hyperliquid,2023-10-16 18:18:56.445459
28129.0,13.13983,28555.0,3.06058,Hyperliquid,2023-10-16 18:18:56.445459
28125.0,14.74713,28556.0,2.79081,Hyperliquid,2023-10-16 18:18:56.445459
28088.0,0.29946,28743.0,14.54778,Hyperliquid,2023-10-16 18:18:56.445459
28041.0,15.46493,28744.0,13.24426,Hyperliquid,2023-10-16 18:18:56.445459
28028.0,13.49601,28855.0,14.91655,Hyperliquid,2023-10-16 18:18:56.445459
27903.0,0.01792,28887.0,13.44094,Hyperliquid,2023-10-16 18:18:56.445459
27893.0,0.00122,29000.0,0.00766,Hyperliquid,2023-10-16 18:18:56.445459
28731.0,0.56638,28744.0,0.40939,Hyperliquid,2023-10-16 19:11:48.481784
28728.0,0.57039,28748.0,0.40908,Hyperliquid,2023-10-16 19:11:48.481784
28725.0,5.2043,28750.0,0.00897,Hyperliquid,2023-10-16 19:11:48.481784
28723.0,0.14327,28751.0,4.37401,Hyperliquid,2023-10-16 19:11:48.481784
28722.0,5.26877,28756.0,3.90247,Hyperliquid,2023-10-16 19:11:48.481784
28719.0,0.27374,28761.0,2.16323,Hyperliquid,2023-10-16 19:11:48.481784
28718.0,5.84543,28763.0,2.24011,Hyperliquid,2023-10-16 19:11:48.481784
28695.0,5.74669,28788.0,1.87057,Hyperliquid,2023-10-16 19:11:48.481784
28660.0,6.0186,28793.0,1.92838,Hyperliquid,2023-10-16 19:11:48.481784
28598.0,3.10044,28844.0,2.52852,Hyperliquid,2023-10-16 19:11:48.481784
28597.0,3.10856,28846.0,2.96032,Hyperliquid,2023-10-16 19:11:48.481784
28480.0,13.31391,28899.0,2.67075,Hyperliquid,2023-10-16 19:11:48.481784
28452.0,14.86808,28922.0,2.7814,Hyperliquid,2023-10-16 19:11:48.481784
28341.0,15.18022,29000.0,0.00766,Hyperliquid,2023-10-16 19:11:48.481784
28325.0,13.39727,29047.0,13.0357,Hyperliquid,2023-10-16 19:11:48.481784
28100.0,25.98546,29048.0,13.30224,Hyperliquid,2023-10-16 19:11:48.481784
27903.0,0.01792,29281.0,11.63196,Hyperliquid,2023-10-16 19:11:48.481784
27893.0,0.00122,29303.0,12.39681,Hyperliquid,2023-10-16 19:11:48.481784
27814.0,0.00122,29600.0,0.02,Hyperliquid,2023-10-16 19:11:48.481784
27736.0,0.00122,29624.0,13.12529,Hyperliquid,2023-10-16 19:11:48.481784
28562.0,0.1754,28570.0,0.05405,Hyperliquid,2023-10-16 20:15:17.712803
28561.0,0.56252,28571.0,0.25758,Hyperliquid,2023-10-16 20:15:17.712803
28559.0,0.00155,28577.0,0.22444,Hyperliquid,2023-10-16 20:15:17.712803
28558.0,0.27472,28579.0,4.86899,Hyperliquid,2023-10-16 20:15:17.712803
28556.0,5.72365,28583.0,0.00897,Hyperliquid,2023-10-16 20:15:17.712803
28551.0,3.06974,28584.0,4.66905,Hyperliquid,2023-10-16 20:15:17.712803
28550.0,2.9749,28600.0,0.40062,Hyperliquid,2023-10-16 20:15:17.712803
28532.0,2.69528,28617.0,4.85861,Hyperliquid,2023-10-16 20:15:17.712803
28531.0,2.82449,28645.0,5.23766,Hyperliquid,2023-10-16 20:15:17.712803
28501.0,2.61488,28667.0,1.56878,Hyperliquid,2023-10-16 20:15:17.712803
28499.0,2.99603,28721.0,2.96658,Hyperliquid,2023-10-16 20:15:17.712803
28441.0,5.6459,28724.0,3.09606,Hyperliquid,2023-10-16 20:15:17.712803
28304.0,27.63111,28827.0,12.73128,Hyperliquid,2023-10-16 20:15:17.712803
28195.0,29.46506,28833.0,16.59141,Hyperliquid,2023-10-16 20:15:17.712803
27979.0,14.37147,28972.0,14.98616,Hyperliquid,2023-10-16 20:15:17.712803
27978.0,13.9448,28993.0,14.35692,Hyperliquid,2023-10-16 20:15:17.712803
27903.0,0.01792,29000.0,1.57644,Hyperliquid,2023-10-16 20:15:17.712803
27893.0,0.00122,29167.0,1.56878,Hyperliquid,2023-10-16 20:15:17.712803
27850.0,0.1,29303.0,13.94633,Hyperliquid,2023-10-16 20:15:17.712803
27814.0,0.00122,29320.0,13.30638,Hyperliquid,2023-10-16 20:15:17.712803
28274.0,0.56445,28282.0,0.40956,Hyperliquid,2023-10-16 21:12:40.729617
28271.0,0.59232,28284.0,0.00897,Hyperliquid,2023-10-16 21:12:40.729617
28269.0,5.32489,28285.0,0.51559,Hyperliquid,2023-10-16 21:12:40.729617
28268.0,0.00897,28290.0,2.34619,Hyperliquid,2023-10-16 21:12:40.729617
28263.0,0.01496,28293.0,2.21353,Hyperliquid,2023-10-16 21:12:40.729617
28262.0,5.80356,28296.0,4.65047,Hyperliquid,2023-10-16 21:12:40.729617
28242.0,5.51861,28319.0,2.1893,Hyperliquid,2023-10-16 21:12:40.729617
28210.0,2.6208,28323.0,2.25163,Hyperliquid,2023-10-16 21:12:40.729617
28209.0,2.59937,28354.0,2.7151,Hyperliquid,2023-10-16 21:12:40.729617
28166.0,0.21302,28361.0,3.02051,Hyperliquid,2023-10-16 21:12:40.729617
28136.0,3.1115,28413.0,2.74995,Hyperliquid,2023-10-16 21:12:40.729617
28135.0,3.07827,28436.0,2.84584,Hyperliquid,2023-10-16 21:12:40.729617
28005.0,13.62599,28550.0,0.9,Hyperliquid,2023-10-16 21:12:40.729617
27998.0,14.29455,28580.0,14.16993,Hyperliquid,2023-10-16 21:12:40.729617
27903.0,27.21071,28594.0,13.74615,Hyperliquid,2023-10-16 21:12:40.729617
27893.0,0.00122,28667.0,1.56878,Hyperliquid,2023-10-16 21:12:40.729617
27850.0,0.1,28703.0,14.79201,Hyperliquid,2023-10-16 21:12:40.729617
27814.0,0.00122,28734.0,13.67507,Hyperliquid,2023-10-16 21:12:40.729617
27743.0,14.70904,28833.0,1.56878,Hyperliquid,2023-10-16 21:12:40.729617
27740.0,15.65289,29000.0,1.57644,Hyperliquid,2023-10-16 21:12:40.729617
28429.0,0.01087,28436.0,0.04145,Hyperliquid,2023-10-16 22:13:02.894791
28428.0,0.57311,28437.0,0.46274,Hyperliquid,2023-10-16 22:13:02.894791
28425.0,0.17901,28441.0,4.37504,Hyperliquid,2023-10-16 22:13:02.894791
28424.0,2.9213,28445.0,4.43212,Hyperliquid,2023-10-16 22:13:02.894791
28423.0,2.72916,28474.0,2.11278,Hyperliquid,2023-10-16 22:13:02.894791
28419.0,5.50193,28476.0,2.05553,Hyperliquid,2023-10-16 22:13:02.894791
28414.0,0.00897,28512.0,2.9192,Hyperliquid,2023-10-16 22:13:02.894791
28400.0,3.13724,28515.0,2.86901,Hyperliquid,2023-10-16 22:13:02.894791
28398.0,2.77522,28550.0,0.9,Hyperliquid,2023-10-16 22:13:02.894791
28370.0,3.02409,28590.0,3.07982,Hyperliquid,2023-10-16 22:13:02.894791
28367.0,3.08791,28608.0,2.86948,Hyperliquid,2023-10-16 22:13:02.894791
28329.0,2.95091,28667.0,1.56878,Hyperliquid,2023-10-16 22:13:02.894791
28305.0,3.11344,28769.0,14.37109,Hyperliquid,2023-10-16 22:13:02.894791
28189.0,14.08622,28784.0,13.86832,Hyperliquid,2023-10-16 22:13:02.894791
28186.0,13.5532,28800.0,0.1,Hyperliquid,2023-10-16 22:13:02.894791
28166.0,0.21302,28833.0,1.56878,Hyperliquid,2023-10-16 22:13:02.894791
28117.0,29.57045,28887.0,13.23092,Hyperliquid,2023-10-16 22:13:02.894791
27903.0,0.01792,28921.0,13.7045,Hyperliquid,2023-10-16 22:13:02.894791
27893.0,0.00122,29000.0,1.57644,Hyperliquid,2023-10-16 22:13:02.894791
27860.0,14.56659,29160.0,15.1436,Hyperliquid,2023-10-16 22:13:02.894791
28520.0,0.01763,28527.0,0.00606,Hyperliquid,2023-10-16 23:13:41.210842
28519.0,0.55632,28528.0,0.24006,Hyperliquid,2023-10-16 23:13:41.210842
28516.0,0.27037,28529.0,0.0064,Hyperliquid,2023-10-16 23:13:41.210842
28515.0,5.84358,28530.0,0.21153,Hyperliquid,2023-10-16 23:13:41.210842
28511.0,5.33056,28531.0,0.23129,Hyperliquid,2023-10-16 23:13:41.210842
28509.0,0.00897,28535.0,4.60345,Hyperliquid,2023-10-16 23:13:41.210842
28491.0,5.72288,28536.0,0.00897,Hyperliquid,2023-10-16 23:13:41.210842
28462.0,2.92568,28540.0,4.18173,Hyperliquid,2023-10-16 23:13:41.210842
28456.0,2.68082,28564.0,4.62134,Hyperliquid,2023-10-16 23:13:41.210842
28403.0,6.12039,28609.0,5.4698,Hyperliquid,2023-10-16 23:13:41.210842
28288.0,14.42511,28663.0,2.78062,Hyperliquid,2023-10-16 23:13:41.210842
28279.0,14.95948,28667.0,1.56878,Hyperliquid,2023-10-16 23:13:41.210842
28189.0,28.30931,28686.0,2.66828,Hyperliquid,2023-10-16 23:13:41.210842
28166.0,0.21302,28800.0,0.1,Hyperliquid,2023-10-16 23:13:41.210842
27977.0,30.66082,28833.0,1.56878,Hyperliquid,2023-10-16 23:13:41.210842
27903.0,0.01792,28839.0,12.73165,Hyperliquid,2023-10-16 23:13:41.210842
27893.0,0.00122,28852.0,14.23707,Hyperliquid,2023-10-16 23:13:41.210842
27850.0,0.1,28983.0,15.04989,Hyperliquid,2023-10-16 23:13:41.210842
27814.0,0.00122,29000.0,1.57644,Hyperliquid,2023-10-16 23:13:41.210842
27736.0,0.00122,29017.0,12.96735,Hyperliquid,2023-10-16 23:13:41.210842
28279.0,0.28248,28285.0,0.04049,Hyperliquid,2023-10-17 01:00:54.769616
28278.0,0.29972,28286.0,0.0012,Hyperliquid,2023-10-17 01:00:54.769616
28276.0,0.17805,28287.0,0.46116,Hyperliquid,2023-10-17 01:00:54.769616
28275.0,2.82897,28293.0,4.44529,Hyperliquid,2023-10-17 01:00:54.769616
28274.0,2.60544,28295.0,0.00897,Hyperliquid,2023-10-17 01:00:54.769616
28272.0,2.99128,28299.0,4.82915,Hyperliquid,2023-10-17 01:00:54.769616
28269.0,2.59733,28329.0,2.0831,Hyperliquid,2023-10-17 01:00:54.769616
28268.0,0.00897,28330.0,2.05628,Hyperliquid,2023-10-17 01:00:54.769616
28255.0,5.69146,28361.0,2.78982,Hyperliquid,2023-10-17 01:00:54.769616
28224.0,2.61068,28370.0,2.5819,Hyperliquid,2023-10-17 01:00:54.769616
28222.0,2.68187,28427.0,3.07858,Hyperliquid,2023-10-17 01:00:54.769616
28166.0,5.75749,28438.0,3.07131,Hyperliquid,2023-10-17 01:00:54.769616
28038.0,13.32806,28585.0,15.5531,Hyperliquid,2023-10-17 01:00:54.769616
28027.0,13.70729,28589.0,15.10994,Hyperliquid,2023-10-17 01:00:54.769616
27903.0,0.01792,28667.0,1.56878,Hyperliquid,2023-10-17 01:00:54.769616
27898.0,29.87351,28702.0,14.66907,Hyperliquid,2023-10-17 01:00:54.769616
27893.0,0.00122,28715.0,13.24334,Hyperliquid,2023-10-17 01:00:54.769616
27850.0,0.1,28800.0,0.1,Hyperliquid,2023-10-17 01:00:54.769616
27814.0,0.00122,28833.0,1.56878,Hyperliquid,2023-10-17 01:00:54.769616
27740.0,28.39456,29000.0,1.57644,Hyperliquid,2023-10-17 01:00:54.769616
28311.0,0.28442,28318.0,0.16928,Hyperliquid,2023-10-17 02:21:24.576144
28310.0,0.62039,28319.0,0.45321,Hyperliquid,2023-10-17 02:21:24.576144
28307.0,5.8213,28323.0,4.35532,Hyperliquid,2023-10-17 02:21:24.576144
28303.0,5.81111,28329.0,4.56876,Hyperliquid,2023-10-17 02:21:24.576144
28299.0,0.00897,28331.0,0.00897,Hyperliquid,2023-10-17 02:21:24.576144
28287.0,2.83703,28358.0,4.27959,Hyperliquid,2023-10-17 02:21:24.576144
28285.0,2.84373,28395.0,5.78576,Hyperliquid,2023-10-17 02:21:24.576144
28263.0,2.86337,28480.0,2.66041,Hyperliquid,2023-10-17 02:21:24.576144
28258.0,2.60479,28500.0,2.87732,Hyperliquid,2023-10-17 02:21:24.576144
28212.0,5.76286,28651.0,14.82319,Hyperliquid,2023-10-17 02:21:24.576144
28166.0,0.21302,28655.0,13.63459,Hyperliquid,2023-10-17 02:21:24.576144
28124.0,14.81272,28667.0,1.56878,Hyperliquid,2023-10-17 02:21:24.576144
28086.0,15.48294,28800.0,14.33506,Hyperliquid,2023-10-17 02:21:24.576144
27988.0,0.07527,28809.0,15.2294,Hyperliquid,2023-10-17 02:21:24.576144
27969.0,29.49697,28833.0,1.56878,Hyperliquid,2023-10-17 02:21:24.576144
27903.0,0.01792,29000.0,1.57644,Hyperliquid,2023-10-17 02:21:24.576144
27893.0,0.00122,29165.0,13.31309,Hyperliquid,2023-10-17 02:21:24.576144
27850.0,0.1,29167.0,1.56878,Hyperliquid,2023-10-17 02:21:24.576144
27814.0,0.00122,29186.0,13.81498,Hyperliquid,2023-10-17 02:21:24.576144
27740.0,28.39456,29333.0,1.56878,Hyperliquid,2023-10-17 02:21:24.576144
28349.0,0.34497,28357.0,0.41885,Hyperliquid,2023-10-17 03:14:07.388394
28348.0,0.53401,28360.0,0.29434,Hyperliquid,2023-10-17 03:14:07.388394
28345.0,5.42549,28361.0,4.2528,Hyperliquid,2023-10-17 03:14:07.388394
28341.0,5.78145,28362.0,4.58149,Hyperliquid,2023-10-17 03:14:07.388394
28337.0,0.00897,28367.0,0.00897,Hyperliquid,2023-10-17 03:14:07.388394
28323.0,5.57548,28389.0,2.1605,Hyperliquid,2023-10-17 03:14:07.388394
28296.0,5.6733,28391.0,2.17975,Hyperliquid,2023-10-17 03:14:07.388394
28237.0,5.79256,28436.0,5.77458,Hyperliquid,2023-10-17 03:14:07.388394
28166.0,0.21302,28507.0,2.97693,Hyperliquid,2023-10-17 03:14:07.388394
28133.0,14.92446,28517.0,3.06248,Hyperliquid,2023-10-17 03:14:07.388394
28124.0,13.2256,28651.0,14.82319,Hyperliquid,2023-10-17 03:14:07.388394
28039.0,29.89049,28655.0,13.63459,Hyperliquid,2023-10-17 03:14:07.388394
27988.0,0.07527,28667.0,1.56878,Hyperliquid,2023-10-17 03:14:07.388394
27903.0,0.01792,28800.0,14.33506,Hyperliquid,2023-10-17 03:14:07.388394
27893.0,0.00122,28809.0,15.2294,Hyperliquid,2023-10-17 03:14:07.388394
27850.0,0.1,28833.0,1.56878,Hyperliquid,2023-10-17 03:14:07.388394
27814.0,0.00122,29000.0,1.57644,Hyperliquid,2023-10-17 03:14:07.388394
27740.0,28.39456,29165.0,13.31309,Hyperliquid,2023-10-17 03:14:07.388394
27736.0,0.00122,29167.0,1.56878,Hyperliquid,2023-10-17 03:14:07.388394
27666.0,0.001,29186.0,13.81498,Hyperliquid,2023-10-17 03:14:07.388394
28179.0,0.26929,28184.0,0.06993,Hyperliquid,2023-10-17 04:16:37.081091
28177.0,0.2861,28185.0,0.18825,Hyperliquid,2023-10-17 04:16:37.081091
28176.0,0.37257,28191.0,0.44642,Hyperliquid,2023-10-17 04:16:37.081091
28175.0,0.09912,28193.0,0.44869,Hyperliquid,2023-10-17 04:16:37.081091
28174.0,5.42913,28197.0,2.26628,Hyperliquid,2023-10-17 04:16:37.081091
28170.0,0.00897,28198.0,2.23315,Hyperliquid,2023-10-17 04:16:37.081091
28167.0,5.82546,28206.0,4.30882,Hyperliquid,2023-10-17 04:16:37.081091
28141.0,5.95046,28229.0,2.45924,Hyperliquid,2023-10-17 04:16:37.081091
28111.0,5.75361,28235.0,2.06783,Hyperliquid,2023-10-17 04:16:37.081091
28052.0,2.84063,28263.0,5.69044,Hyperliquid,2023-10-17 04:16:37.081091
28034.0,2.90404,28340.0,2.86472,Hyperliquid,2023-10-17 04:16:37.081091
27928.0,14.53785,28347.0,2.58702,Hyperliquid,2023-10-17 04:16:37.081091
27922.0,14.32819,28459.0,15.2572,Hyperliquid,2023-10-17 04:16:37.081091
27903.0,0.01792,28460.0,15.52691,Hyperliquid,2023-10-17 04:16:37.081091
27893.0,0.00122,28612.0,15.35401,Hyperliquid,2023-10-17 04:16:37.081091
27850.0,0.1,28621.0,13.17773,Hyperliquid,2023-10-17 04:16:37.081091
27814.0,0.00122,28667.0,1.56878,Hyperliquid,2023-10-17 04:16:37.081091
27813.0,15.62404,28800.0,0.1,Hyperliquid,2023-10-17 04:16:37.081091
27807.0,13.43803,28833.0,1.56878,Hyperliquid,2023-10-17 04:16:37.081091
27736.0,0.00122,28856.0,13.56006,Hyperliquid,2023-10-17 04:16:37.081091
28167.0,0.22528,28172.0,0.11072,Hyperliquid,2023-10-17 05:12:44.478445
28166.0,0.22528,28173.0,0.0543,Hyperliquid,2023-10-17 05:12:44.478445
28165.0,0.57415,28174.0,0.24308,Hyperliquid,2023-10-17 05:12:44.478445
28163.0,5.78083,28175.0,0.21345,Hyperliquid,2023-10-17 05:12:44.478445
28157.0,5.65857,28181.0,4.60125,Hyperliquid,2023-10-17 05:12:44.478445
28142.0,5.79194,28186.0,4.96807,Hyperliquid,2023-10-17 05:12:44.478445
28119.0,5.63721,28188.0,0.00897,Hyperliquid,2023-10-17 05:12:44.478445
28062.0,2.98286,28218.0,4.68515,Hyperliquid,2023-10-17 05:12:44.478445
28055.0,3.14728,28252.0,3.01231,Hyperliquid,2023-10-17 05:12:44.478445
28027.0,0.07136,28261.0,3.08418,Hyperliquid,2023-10-17 05:12:44.478445
27974.0,14.11304,28345.0,3.03764,Hyperliquid,2023-10-17 05:12:44.478445
27969.0,13.44985,28354.0,2.93681,Hyperliquid,2023-10-17 05:12:44.478445
27910.0,0.14332,28525.0,26.7935,Hyperliquid,2023-10-17 05:12:44.478445
27903.0,0.01792,28612.0,15.35401,Hyperliquid,2023-10-17 05:12:44.478445
27893.0,0.00122,28621.0,13.17773,Hyperliquid,2023-10-17 05:12:44.478445
27885.0,13.53204,28667.0,1.56878,Hyperliquid,2023-10-17 05:12:44.478445
27877.0,14.79624,28800.0,0.1,Hyperliquid,2023-10-17 05:12:44.478445
27850.0,0.1,28833.0,1.56878,Hyperliquid,2023-10-17 05:12:44.478445
27818.0,0.14379,28856.0,13.56006,Hyperliquid,2023-10-17 05:12:44.478445
27814.0,0.00122,28877.0,14.65432,Hyperliquid,2023-10-17 05:12:44.478445
28151.0,0.34607,28158.0,0.49638,Hyperliquid,2023-10-17 06:19:07.462925
28149.0,0.56321,28160.0,0.00083,Hyperliquid,2023-10-17 06:19:07.462925
28145.0,5.5423,28161.0,0.00238,Hyperliquid,2023-10-17 06:19:07.462925
28142.0,6.04973,28163.0,4.57936,Hyperliquid,2023-10-17 06:19:07.462925
28118.0,5.63276,28167.0,2.46826,Hyperliquid,2023-10-17 06:19:07.462925
28088.0,5.76291,28168.0,2.21968,Hyperliquid,2023-10-17 06:19:07.462925
28030.0,2.86967,28169.0,0.00897,Hyperliquid,2023-10-17 06:19:07.462925
28027.0,0.07136,28186.0,4.7197,Hyperliquid,2023-10-17 06:19:07.462925
28018.0,3.06001,28228.0,2.82546,Hyperliquid,2023-10-17 06:19:07.462925
27920.0,14.56964,28232.0,2.99558,Hyperliquid,2023-10-17 06:19:07.462925
27915.0,13.31189,28299.0,2.98439,Hyperliquid,2023-10-17 06:19:07.462925
27910.0,0.14332,28315.0,3.10938,Hyperliquid,2023-10-17 06:19:07.462925
27903.0,0.01792,28454.0,12.93811,Hyperliquid,2023-10-17 06:19:07.462925
27893.0,0.00122,28465.0,14.904,Hyperliquid,2023-10-17 06:19:07.462925
27850.0,0.1,28612.0,15.35401,Hyperliquid,2023-10-17 06:19:07.462925
27818.0,0.14379,28621.0,13.17773,Hyperliquid,2023-10-17 06:19:07.462925
27814.0,0.00122,28667.0,1.56878,Hyperliquid,2023-10-17 06:19:07.462925
27807.0,14.62768,28800.0,0.1,Hyperliquid,2023-10-17 06:19:07.462925
27802.0,15.43576,28833.0,1.56878,Hyperliquid,2023-10-17 06:19:07.462925
27736.0,0.00122,28856.0,13.56006,Hyperliquid,2023-10-17 06:19:07.462925
28249.0,0.24272,28252.0,0.00488,Hyperliquid,2023-10-17 07:13:23.562247
28248.0,0.28634,28253.0,0.48204,Hyperliquid,2023-10-17 07:13:23.562247
28246.0,0.27304,28255.0,0.05366,Hyperliquid,2023-10-17 07:13:23.562247
28245.0,0.2775,28256.0,4.72645,Hyperliquid,2023-10-17 07:13:23.562247
28244.0,0.58344,28259.0,2.14087,Hyperliquid,2023-10-17 07:13:23.562247
28242.0,5.23625,28260.0,4.56428,Hyperliquid,2023-10-17 07:13:23.562247
28240.0,5.43282,28263.0,2.29376,Hyperliquid,2023-10-17 07:13:23.562247
28236.0,5.90258,28265.0,2.38153,Hyperliquid,2023-10-17 07:13:23.562247
28234.0,0.00897,28286.0,2.36771,Hyperliquid,2023-10-17 07:13:23.562247
28218.0,5.43929,28289.0,2.37302,Hyperliquid,2023-10-17 07:13:23.562247
28211.0,5.51535,28329.0,2.59543,Hyperliquid,2023-10-17 07:13:23.562247
28184.0,5.84024,28332.0,2.98477,Hyperliquid,2023-10-17 07:13:23.562247
28137.0,2.8326,28402.0,2.58521,Hyperliquid,2023-10-17 07:13:23.562247
28135.0,2.72422,28414.0,2.71514,Hyperliquid,2023-10-17 07:13:23.562247
28027.0,0.07136,28518.0,14.52153,Hyperliquid,2023-10-17 07:13:23.562247
28022.0,14.77352,28530.0,14.85101,Hyperliquid,2023-10-17 07:13:23.562247
28011.0,14.77117,28667.0,1.56878,Hyperliquid,2023-10-17 07:13:23.562247
27910.0,0.14332,28709.0,13.66317,Hyperliquid,2023-10-17 07:13:23.562247
27903.0,0.01792,28714.0,14.14443,Hyperliquid,2023-10-17 07:13:23.562247
27893.0,0.00122,28800.0,0.1,Hyperliquid,2023-10-17 07:13:23.562247
28407.0,0.00147,28411.0,0.00163,Hyperliquid,2023-10-17 08:18:31.923026
28402.0,0.55701,28412.0,0.44244,Hyperliquid,2023-10-17 08:18:31.923026
28400.0,0.41833,28418.0,2.43389,Hyperliquid,2023-10-17 08:18:31.923026
28397.0,5.62645,28419.0,2.22473,Hyperliquid,2023-10-17 08:18:31.923026
28395.0,2.66033,28421.0,0.00897,Hyperliquid,2023-10-17 08:18:31.923026
28393.0,3.02764,28424.0,2.35419,Hyperliquid,2023-10-17 08:18:31.923026
28392.0,0.00897,28425.0,2.49679,Hyperliquid,2023-10-17 08:18:31.923026
28374.0,2.77996,28459.0,4.56446,Hyperliquid,2023-10-17 08:18:31.923026
28372.0,2.68336,28501.0,5.75185,Hyperliquid,2023-10-17 08:18:31.923026
28352.0,3.1355,28567.0,2.56765,Hyperliquid,2023-10-17 08:18:31.923026
28351.0,2.77098,28585.0,2.99433,Hyperliquid,2023-10-17 08:18:31.923026
28302.0,2.59156,28667.0,1.56878,Hyperliquid,2023-10-17 08:18:31.923026
28282.0,2.67101,28725.0,13.7957,Hyperliquid,2023-10-17 08:18:31.923026
28168.0,14.47923,28727.0,12.73396,Hyperliquid,2023-10-17 08:18:31.923026
28166.0,13.40494,28730.0,0.13923,Hyperliquid,2023-10-17 08:18:31.923026
28096.0,13.53401,28800.0,0.1,Hyperliquid,2023-10-17 08:18:31.923026
28093.0,14.75569,28833.0,1.56878,Hyperliquid,2023-10-17 08:18:31.923026
27903.0,0.01792,28908.0,28.15227,Hyperliquid,2023-10-17 08:18:31.923026
27893.0,0.00122,29000.0,1.57644,Hyperliquid,2023-10-17 08:18:31.923026
27860.0,15.027,29164.0,14.96651,Hyperliquid,2023-10-17 08:18:31.923026
28401.0,0.28197,28407.0,0.01055,Hyperliquid,2023-10-17 09:14:13.613480
28400.0,0.3066,28408.0,0.47703,Hyperliquid,2023-10-17 09:14:13.613480
28398.0,0.54163,28412.0,2.27442,Hyperliquid,2023-10-17 09:14:13.613480
28393.0,5.72969,28413.0,2.10769,Hyperliquid,2023-10-17 09:14:13.613480
28389.0,5.53808,28414.0,2.36345,Hyperliquid,2023-10-17 09:14:13.613480
28367.0,2.62595,28416.0,2.48125,Hyperliquid,2023-10-17 09:14:13.613480
28366.0,2.68337,28418.0,0.00897,Hyperliquid,2023-10-17 09:14:13.613480
28341.0,2.64054,28436.0,4.71753,Hyperliquid,2023-10-17 09:14:13.613480
28329.0,2.61407,28472.0,3.06701,Hyperliquid,2023-10-17 09:14:13.613480
28281.0,3.09021,28473.0,2.56178,Hyperliquid,2023-10-17 09:14:13.613480
28280.0,2.59848,28548.0,2.55388,Hyperliquid,2023-10-17 09:14:13.613480
28167.0,29.37082,28555.0,2.67546,Hyperliquid,2023-10-17 09:14:13.613480
28096.0,13.18676,28667.0,1.56878,Hyperliquid,2023-10-17 09:14:13.613480
28094.0,14.79907,28730.0,0.13923,Hyperliquid,2023-10-17 09:14:13.613480
27903.0,0.01792,28732.0,28.89639,Hyperliquid,2023-10-17 09:14:13.613480
27893.0,0.00122,28800.0,0.1,Hyperliquid,2023-10-17 09:14:13.613480
27860.0,15.027,28833.0,1.56878,Hyperliquid,2023-10-17 09:14:13.613480
27857.0,14.65484,28912.0,26.99971,Hyperliquid,2023-10-17 09:14:13.613480
27850.0,0.1,29000.0,1.57644,Hyperliquid,2023-10-17 09:14:13.613480
27814.0,0.00122,29164.0,14.96651,Hyperliquid,2023-10-17 09:14:13.613480
28470.0,0.57406,28477.0,0.00957,Hyperliquid,2023-10-17 10:15:09.624370
28469.0,0.28633,28478.0,0.45656,Hyperliquid,2023-10-17 10:15:09.624370
28468.0,0.282,28483.0,4.57664,Hyperliquid,2023-10-17 10:15:09.624370
28467.0,5.68043,28484.0,0.00883,Hyperliquid,2023-10-17 10:15:09.624370
28466.0,0.00883,28487.0,4.93693,Hyperliquid,2023-10-17 10:15:09.624370
28464.0,5.89603,28489.0,0.00897,Hyperliquid,2023-10-17 10:15:09.624370
28460.0,0.00897,28513.0,2.4724,Hyperliquid,2023-10-17 10:15:09.624370
28444.0,2.76033,28517.0,2.38228,Hyperliquid,2023-10-17 10:15:09.624370
28442.0,2.70281,28559.0,3.09613,Hyperliquid,2023-10-17 10:15:09.624370
28414.0,2.69342,28560.0,2.82281,Hyperliquid,2023-10-17 10:15:09.624370
28413.0,3.06912,28617.0,2.63458,Hyperliquid,2023-10-17 10:15:09.624370
28353.0,5.7661,28621.0,2.76114,Hyperliquid,2023-10-17 10:15:09.624370
28214.0,27.02314,28667.0,1.56878,Hyperliquid,2023-10-17 10:15:09.624370
28096.0,15.40657,28730.0,0.13923,Hyperliquid,2023-10-17 10:15:09.624370
28093.0,14.18327,28734.0,29.81988,Hyperliquid,2023-10-17 10:15:09.624370
27903.0,0.01792,28800.0,0.1,Hyperliquid,2023-10-17 10:15:09.624370
27893.0,0.00122,28833.0,1.56878,Hyperliquid,2023-10-17 10:15:09.624370
27860.0,15.027,28914.0,28.34592,Hyperliquid,2023-10-17 10:15:09.624370
27857.0,14.65484,29000.0,1.57644,Hyperliquid,2023-10-17 10:15:09.624370
27850.0,0.1,29164.0,14.96651,Hyperliquid,2023-10-17 10:15:09.624370
28468.0,0.55396,28472.0,0.02335,Hyperliquid,2023-10-17 11:11:52.402529
28467.0,1.0829,28473.0,0.01827,Hyperliquid,2023-10-17 11:11:52.402529
28465.0,0.54226,28477.0,0.41725,Hyperliquid,2023-10-17 11:11:52.402529
28464.0,3.02456,28480.0,4.67768,Hyperliquid,2023-10-17 11:11:52.402529
28463.0,2.81942,28483.0,4.89082,Hyperliquid,2023-10-17 11:11:52.402529
28461.0,5.79974,28484.0,4.56068,Hyperliquid,2023-10-17 11:11:52.402529
28459.0,5.82679,28486.0,0.00897,Hyperliquid,2023-10-17 11:11:52.402529
28456.0,5.51926,28488.0,4.88729,Hyperliquid,2023-10-17 11:11:52.402529
28440.0,3.01616,28510.0,4.75324,Hyperliquid,2023-10-17 11:11:52.402529
28438.0,2.81682,28542.0,3.11813,Hyperliquid,2023-10-17 11:11:52.402529
28432.0,2.87363,28551.0,2.64621,Hyperliquid,2023-10-17 11:11:52.402529
28431.0,2.97399,28600.0,0.03497,Hyperliquid,2023-10-17 11:11:52.402529
28399.0,2.70168,28629.0,2.57852,Hyperliquid,2023-10-17 11:11:52.402529
28398.0,2.68333,28637.0,2.60519,Hyperliquid,2023-10-17 11:11:52.402529
28352.0,3.02484,28667.0,1.56878,Hyperliquid,2023-10-17 11:11:52.402529
28338.0,2.92337,28730.0,0.13923,Hyperliquid,2023-10-17 11:11:52.402529
28265.0,14.08701,28800.0,0.1,Hyperliquid,2023-10-17 11:11:52.402529
28257.0,14.3455,28811.0,14.55704,Hyperliquid,2023-10-17 11:11:52.402529
28172.0,14.71527,28813.0,15.28365,Hyperliquid,2023-10-17 11:11:52.402529
28166.0,13.69157,28833.0,1.56878,Hyperliquid,2023-10-17 11:11:52.402529
28428.0,0.01243,28429.0,4.81082,Hyperliquid,2023-10-17 12:27:31.657433
28422.0,0.10134,28431.0,2.46249,Hyperliquid,2023-10-17 12:27:31.657433
28417.0,0.58745,28432.0,0.00883,Hyperliquid,2023-10-17 12:27:31.657433
28414.0,0.58877,28434.0,4.16141,Hyperliquid,2023-10-17 12:27:31.657433
28413.0,6.11489,28435.0,2.31811,Hyperliquid,2023-10-17 12:27:31.657433
28412.0,0.56561,28436.0,2.18153,Hyperliquid,2023-10-17 12:27:31.657433
28411.0,0.00883,28437.0,0.00897,Hyperliquid,2023-10-17 12:27:31.657433
28410.0,6.06675,28462.0,4.41176,Hyperliquid,2023-10-17 12:27:31.657433
28407.0,5.69617,28506.0,2.94553,Hyperliquid,2023-10-17 12:27:31.657433
28406.0,5.65155,28515.0,2.70071,Hyperliquid,2023-10-17 12:27:31.657433
28402.0,5.27548,28600.0,3.1128,Hyperliquid,2023-10-17 12:27:31.657433
28385.0,5.66521,28606.0,3.08533,Hyperliquid,2023-10-17 12:27:31.657433
28356.0,5.33799,28667.0,1.56878,Hyperliquid,2023-10-17 12:27:31.657433
28298.0,2.81676,28730.0,0.13923,Hyperliquid,2023-10-17 12:27:31.657433
28297.0,2.97685,28749.0,13.54475,Hyperliquid,2023-10-17 12:27:31.657433
28213.0,13.11382,28751.0,14.94831,Hyperliquid,2023-10-17 12:27:31.657433
28208.0,15.17413,28800.0,0.1,Hyperliquid,2023-10-17 12:27:31.657433
28100.0,13.75487,28833.0,1.56878,Hyperliquid,2023-10-17 12:27:31.657433
28095.0,14.88979,28931.0,28.30653,Hyperliquid,2023-10-17 12:27:31.657433
27903.0,0.01792,29000.0,1.57644,Hyperliquid,2023-10-17 12:27:31.657433
28330.0,0.00159,28336.0,0.44158,Hyperliquid,2023-10-17 13:17:52.655334
28329.0,0.00169,28339.0,0.00883,Hyperliquid,2023-10-17 13:17:52.655334
28326.0,0.5877,28343.0,4.71051,Hyperliquid,2023-10-17 13:17:52.655334
28324.0,0.26664,28344.0,0.00897,Hyperliquid,2023-10-17 13:17:52.655334
28321.0,5.8039,28348.0,2.1817,Hyperliquid,2023-10-17 13:17:52.655334
28316.0,6.13256,28349.0,2.14171,Hyperliquid,2023-10-17 13:17:52.655334
28314.0,0.00897,28376.0,2.14698,Hyperliquid,2023-10-17 13:17:52.655334
28300.0,2.97259,28377.0,2.39195,Hyperliquid,2023-10-17 13:17:52.655334
28295.0,2.8233,28428.0,5.46005,Hyperliquid,2023-10-17 13:17:52.655334
28276.0,2.71671,28506.0,5.79288,Hyperliquid,2023-10-17 13:17:52.655334
28273.0,2.92424,28600.0,0.03497,Hyperliquid,2023-10-17 13:17:52.655334
28217.0,2.70587,28615.0,14.60546,Hyperliquid,2023-10-17 13:17:52.655334
28214.0,2.90567,28616.0,14.30034,Hyperliquid,2023-10-17 13:17:52.655334
28101.0,13.96864,28667.0,1.56878,Hyperliquid,2023-10-17 13:17:52.655334
28072.0,15.68031,28730.0,0.13923,Hyperliquid,2023-10-17 13:17:52.655334
27928.0,30.24141,28735.0,13.47144,Hyperliquid,2023-10-17 13:17:52.655334
27903.0,0.01792,28737.0,14.75016,Hyperliquid,2023-10-17 13:17:52.655334
27893.0,0.00122,28800.0,0.1,Hyperliquid,2023-10-17 13:17:52.655334
27850.0,0.1,28833.0,1.56878,Hyperliquid,2023-10-17 13:17:52.655334
27814.0,0.00122,29000.0,1.57644,Hyperliquid,2023-10-17 13:17:52.655334
28372.0,0.0088,28381.0,0.45809,Hyperliquid,2023-10-17 14:12:52.941314
28370.0,0.6825,28384.0,2.25736,Hyperliquid,2023-10-17 14:12:52.941314
28369.0,0.00883,28386.0,0.00883,Hyperliquid,2023-10-17 14:12:52.941314
28366.0,5.42388,28387.0,2.07955,Hyperliquid,2023-10-17 14:12:52.941314
28363.0,0.00897,28391.0,4.3141,Hyperliquid,2023-10-17 14:12:52.941314
28362.0,6.10823,28417.0,4.3921,Hyperliquid,2023-10-17 14:12:52.941314
28334.0,5.47863,28453.0,3.0216,Hyperliquid,2023-10-17 14:12:52.941314
28313.0,3.05544,28467.0,2.73223,Hyperliquid,2023-10-17 14:12:52.941314
28301.0,2.69315,28521.0,5.83962,Hyperliquid,2023-10-17 14:12:52.941314
28255.0,2.96756,28667.0,1.56878,Hyperliquid,2023-10-17 14:12:52.941314
28232.0,2.62902,28692.0,12.76988,Hyperliquid,2023-10-17 14:12:52.941314
28140.0,13.49869,28693.0,13.83702,Hyperliquid,2023-10-17 14:12:52.941314
28112.0,13.68962,28730.0,0.13923,Hyperliquid,2023-10-17 14:12:52.941314
28001.0,14.09096,28800.0,0.1,Hyperliquid,2023-10-17 14:12:52.941314
