bid_price,bid_size,ask_price,ask_size,protocol_name,timestamp
1546.3,0.4142,1546.6,8.0801,Hyperliquid,2023-10-14 12:24:02.211942
1546.2,10.9133,1546.9,86.5426,Hyperliquid,2023-10-14 12:24:02.211942
1546.1,105.729,1547.1,83.7214,Hyperliquid,2023-10-14 12:24:02.211942
1546.0,3.8029,1547.5,0.3204,Hyperliquid,2023-10-14 12:24:02.211942
1545.9,105.0086,1548.9,86.8181,Hyperliquid,2023-10-14 12:24:02.211942
1545.8,0.3068,1551.3,56.7998,Hyperliquid,2023-10-14 12:24:02.211942
1545.0,49.2978,1551.4,53.5252,Hyperliquid,2023-10-14 12:24:02.211942
1544.7,57.6216,1555.4,50.24,Hyperliquid,2023-10-14 12:24:02.211942
1544.0,0.5824,1556.2,54.242,Hyperliquid,2023-10-14 12:24:02.211942
1543.1,106.8969,1563.9,235.8529,Hyperliquid,2023-10-14 12:24:02.211942
1541.2,50.1233,1564.5,246.5165,Hyperliquid,2023-10-14 12:24:02.211942
1540.7,47.6302,1570.7,255.5477,Hyperliquid,2023-10-14 12:24:02.211942
1536.0,0.1564,1571.2,235.6598,Hyperliquid,2023-10-14 12:24:02.211942
1535.4,0.1665,1592.4,216.1945,Hyperliquid,2023-10-14 12:24:02.211942
1535.1,237.7587,1592.8,232.5929,Hyperliquid,2023-10-14 12:24:02.211942
1534.8,0.1766,1598.7,0.444,Hyperliquid,2023-10-14 12:24:02.211942
1534.6,236.8693,1598.9,0.1486,Hyperliquid,2023-10-14 12:24:02.211942
1534.3,0.1867,1599.3,1.0,Hyperliquid,2023-10-14 12:24:02.211942
1533.7,0.1968,1630.0,0.7749,Hyperliquid,2023-10-14 12:24:02.211942
1533.1,0.2069,1659.0,0.2896,Hyperliquid,2023-10-14 12:24:02.211942
1549.8,9.9527,1550.1,0.1354,Hyperliquid,2023-10-14 13:14:24.593617
1549.6,3.8671,1550.2,7.7324,Hyperliquid,2023-10-14 13:14:24.593617
1549.5,104.637,1550.3,42.6068,Hyperliquid,2023-10-14 13:14:24.593617
1549.3,106.4347,1550.4,46.3801,Hyperliquid,2023-10-14 13:14:24.593617
1549.0,0.1534,1550.5,83.3633,Hyperliquid,2023-10-14 13:14:24.593617
1548.3,104.5131,1550.6,0.1534,Hyperliquid,2023-10-14 13:14:24.593617
1547.1,101.6251,1550.7,0.1534,Hyperliquid,2023-10-14 13:14:24.593617
1543.9,56.6423,1552.1,77.2554,Hyperliquid,2023-10-14 13:14:24.593617
1543.4,57.2185,1554.6,53.0152,Hyperliquid,2023-10-14 13:14:24.593617
1537.7,240.0184,1554.8,55.4319,Hyperliquid,2023-10-14 13:14:24.593617
1537.2,273.5824,1558.0,51.2361,Hyperliquid,2023-10-14 13:14:24.593617
1536.0,0.1564,1559.2,56.2667,Hyperliquid,2023-10-14 13:14:24.593617
1535.4,0.1665,1564.5,246.5165,Hyperliquid,2023-10-14 13:14:24.593617
1534.8,0.1766,1567.5,259.0116,Hyperliquid,2023-10-14 13:14:24.593617
1534.3,0.1867,1571.2,235.6598,Hyperliquid,2023-10-14 13:14:24.593617
1533.7,0.1968,1575.9,238.5966,Hyperliquid,2023-10-14 13:14:24.593617
1533.1,0.2069,1592.4,216.1945,Hyperliquid,2023-10-14 13:14:24.593617
1532.5,0.217,1592.8,232.5929,Hyperliquid,2023-10-14 13:14:24.593617
1532.3,238.3064,1598.7,0.444,Hyperliquid,2023-10-14 13:14:24.593617
1531.9,0.2271,1598.9,0.1486,Hyperliquid,2023-10-14 13:14:24.593617
1551.6,17.9401,1551.9,8.0205,Hyperliquid,2023-10-14 14:11:05.001608
1551.5,0.0624,1552.1,78.8352,Hyperliquid,2023-10-14 14:11:05.001608
1551.4,11.4696,1552.4,84.0011,Hyperliquid,2023-10-14 14:11:05.001608
1551.3,104.2345,1552.7,0.3068,Hyperliquid,2023-10-14 14:11:05.001608
1551.1,0.3068,1554.0,85.3918,Hyperliquid,2023-10-14 14:11:05.001608
1551.0,111.2062,1555.8,52.1611,Hyperliquid,2023-10-14 14:11:05.001608
1550.2,102.6871,1556.2,47.3385,Hyperliquid,2023-10-14 14:11:05.001608
1548.8,48.4667,1559.2,47.304,Hyperliquid,2023-10-14 14:11:05.001608
1548.6,53.6496,1559.8,47.3685,Hyperliquid,2023-10-14 14:11:05.001608
1545.5,52.9051,1567.5,259.0116,Hyperliquid,2023-10-14 14:11:05.001608
1545.2,51.613,1568.0,264.7109,Hyperliquid,2023-10-14 14:11:05.001608
1539.8,270.607,1575.9,238.5966,Hyperliquid,2023-10-14 14:11:05.001608
1537.7,240.0184,1576.5,263.9398,Hyperliquid,2023-10-14 14:11:05.001608
1536.0,0.1564,1592.4,216.1945,Hyperliquid,2023-10-14 14:11:05.001608
1535.4,0.1665,1592.8,232.5929,Hyperliquid,2023-10-14 14:11:05.001608
1534.8,0.1766,1598.7,0.444,Hyperliquid,2023-10-14 14:11:05.001608
1534.3,0.1867,1598.9,0.1486,Hyperliquid,2023-10-14 14:11:05.001608
1533.7,0.1968,1599.3,1.0,Hyperliquid,2023-10-14 14:11:05.001608
1533.1,0.2069,1630.0,0.7749,Hyperliquid,2023-10-14 14:11:05.001608
1532.6,263.4812,1659.0,0.2896,Hyperliquid,2023-10-14 14:11:05.001608
1551.1,0.1739,1551.4,7.5109,Hyperliquid,2023-10-14 15:12:20.149270
1551.0,10.7168,1551.6,0.0066,Hyperliquid,2023-10-14 15:12:20.149270
1550.9,113.1851,1551.7,82.8215,Hyperliquid,2023-10-14 15:12:20.149270
1550.7,107.0607,1551.9,87.7668,Hyperliquid,2023-10-14 15:12:20.149270
1550.4,3.8511,1553.4,38.7478,Hyperliquid,2023-10-14 15:12:20.149270
1550.3,0.3068,1553.6,41.8387,Hyperliquid,2023-10-14 15:12:20.149270
1549.4,105.6371,1555.2,55.1944,Hyperliquid,2023-10-14 15:12:20.149270
1549.0,2.0,1555.3,48.0115,Hyperliquid,2023-10-14 15:12:20.149270
1548.0,49.309,1558.5,52.2072,Hyperliquid,2023-10-14 15:12:20.149270
1547.8,51.4477,1559.3,53.8466,Hyperliquid,2023-10-14 15:12:20.149270
1544.1,53.1618,1567.5,259.0116,Hyperliquid,2023-10-14 15:12:20.149270
1543.8,57.6369,1569.1,228.721,Hyperliquid,2023-10-14 15:12:20.149270
1538.7,247.8911,1575.9,238.5966,Hyperliquid,2023-10-14 15:12:20.149270
1537.1,266.3133,1577.8,230.837,Hyperliquid,2023-10-14 15:12:20.149270
1536.0,0.1564,1592.4,216.1945,Hyperliquid,2023-10-14 15:12:20.149270
1535.4,0.1665,1594.8,245.2442,Hyperliquid,2023-10-14 15:12:20.149270
1534.8,0.1766,1598.7,0.444,Hyperliquid,2023-10-14 15:12:20.149270
1534.3,0.1867,1598.9,0.1486,Hyperliquid,2023-10-14 15:12:20.149270
1533.7,0.1968,1599.3,1.0,Hyperliquid,2023-10-14 15:12:20.149270
1533.1,0.2069,1630.0,0.7749,Hyperliquid,2023-10-14 15:12:20.149270
1557.1,0.03,1557.3,0.024,Hyperliquid,2023-10-14 16:15:50.200473
1557.0,10.1647,1557.4,0.0073,Hyperliquid,2023-10-14 16:15:50.200473
1556.9,102.1029,1557.5,7.4589,Hyperliquid,2023-10-14 16:15:50.200473
1556.5,100.2989,1557.7,42.1337,Hyperliquid,2023-10-14 16:15:50.200473
1556.4,0.1534,1557.8,36.2771,Hyperliquid,2023-10-14 16:15:50.200473
1555.4,103.7913,1558.0,41.6674,Hyperliquid,2023-10-14 16:15:50.200473
1553.9,99.6513,1558.2,39.2534,Hyperliquid,2023-10-14 16:15:50.200473
1553.0,0.3168,1558.3,0.1534,Hyperliquid,2023-10-14 16:15:50.200473
1550.4,107.2445,1559.4,84.0675,Hyperliquid,2023-10-14 16:15:50.200473
1549.0,2.0,1561.8,108.9509,Hyperliquid,2023-10-14 16:15:50.200473
1545.1,271.7597,1565.5,46.5862,Hyperliquid,2023-10-14 16:15:50.200473
1544.1,285.0161,1566.4,54.6722,Hyperliquid,2023-10-14 16:15:50.200473
1537.8,286.799,1573.4,273.7899,Hyperliquid,2023-10-14 16:15:50.200473
1536.1,264.5017,1574.8,266.5621,Hyperliquid,2023-10-14 16:15:50.200473
1530.8,0.0186,1581.3,246.5255,Hyperliquid,2023-10-14 16:15:50.200473
1530.2,0.2574,1583.1,278.8252,Hyperliquid,2023-10-14 16:15:50.200473
1529.6,0.2675,1594.8,245.2442,Hyperliquid,2023-10-14 16:15:50.200473
1529.0,0.2776,1598.7,0.444,Hyperliquid,2023-10-14 16:15:50.200473
1528.5,0.2877,1598.9,0.1486,Hyperliquid,2023-10-14 16:15:50.200473
1527.9,0.2978,1599.3,1.0,Hyperliquid,2023-10-14 16:15:50.200473
1555.5,11.497,1555.8,0.105,Hyperliquid,2023-10-14 17:10:53.366199
1555.4,0.011,1555.9,0.0216,Hyperliquid,2023-10-14 17:10:53.366199
1555.3,105.9814,1556.0,8.1963,Hyperliquid,2023-10-14 17:10:53.366199
1555.2,101.4599,1556.3,76.8001,Hyperliquid,2023-10-14 17:10:53.366199
1555.0,0.3068,1556.6,75.2357,Hyperliquid,2023-10-14 17:10:53.366199
1554.4,46.9373,1556.8,0.1534,Hyperliquid,2023-10-14 17:10:53.366199
1554.0,50.6346,1558.0,83.9215,Hyperliquid,2023-10-14 17:10:53.366199
1552.4,97.5111,1560.3,112.1626,Hyperliquid,2023-10-14 17:10:53.366199
1550.0,102.6281,1563.7,47.9031,Hyperliquid,2023-10-14 17:10:53.366199
1549.0,2.0,1564.7,51.3278,Hyperliquid,2023-10-14 17:10:53.366199
1542.4,258.4459,1571.3,272.1334,Hyperliquid,2023-10-14 17:10:53.366199
1541.4,284.2091,1573.5,260.4722,Hyperliquid,2023-10-14 17:10:53.366199
1536.1,264.5017,1581.3,246.5255,Hyperliquid,2023-10-14 17:10:53.366199
1533.8,247.7644,1583.1,278.8252,Hyperliquid,2023-10-14 17:10:53.366199
1530.8,0.0186,1594.8,245.2442,Hyperliquid,2023-10-14 17:10:53.366199
1530.2,0.2574,1598.7,0.444,Hyperliquid,2023-10-14 17:10:53.366199
1529.6,0.2675,1598.9,0.1486,Hyperliquid,2023-10-14 17:10:53.366199
1529.0,0.2776,1599.3,1.0,Hyperliquid,2023-10-14 17:10:53.366199
1528.5,0.2877,1601.2,245.586,Hyperliquid,2023-10-14 17:10:53.366199
1527.9,0.2978,1630.0,0.7749,Hyperliquid,2023-10-14 17:10:53.366199
1553.8,0.2656,1554.2,7.9097,Hyperliquid,2023-10-14 18:16:23.045037
1553.7,14.164,1554.4,37.323,Hyperliquid,2023-10-14 18:16:23.045037
1553.6,105.8981,1554.5,35.9187,Hyperliquid,2023-10-14 18:16:23.045037
1553.4,104.7036,1554.7,79.7751,Hyperliquid,2023-10-14 18:16:23.045037
1553.2,0.1534,1554.9,0.0324,Hyperliquid,2023-10-14 18:16:23.045037
1552.4,99.7711,1555.0,0.1534,Hyperliquid,2023-10-14 18:16:23.045037
1551.1,96.25,1556.2,35.5363,Hyperliquid,2023-10-14 18:16:23.045037
1549.0,2.0,1556.3,36.0815,Hyperliquid,2023-10-14 18:16:23.045037
1548.5,96.3495,1558.6,97.9279,Hyperliquid,2023-10-14 18:16:23.045037
1542.4,258.4459,1563.1,52.3218,Hyperliquid,2023-10-14 18:16:23.045037
1541.4,245.1829,1563.8,51.0814,Hyperliquid,2023-10-14 18:16:23.045037
1538.0,0.0715,1571.3,272.1334,Hyperliquid,2023-10-14 18:16:23.045037
1537.7,249.9306,1573.5,260.4722,Hyperliquid,2023-10-14 18:16:23.045037
1536.1,264.5017,1578.5,0.076,Hyperliquid,2023-10-14 18:16:23.045037
1530.8,0.0186,1581.3,246.5255,Hyperliquid,2023-10-14 18:16:23.045037
1530.2,0.2574,1583.1,278.8252,Hyperliquid,2023-10-14 18:16:23.045037
1529.6,0.2675,1594.8,245.2442,Hyperliquid,2023-10-14 18:16:23.045037
1529.0,0.2776,1598.7,0.444,Hyperliquid,2023-10-14 18:16:23.045037
1528.5,0.2877,1598.9,0.1486,Hyperliquid,2023-10-14 18:16:23.045037
1527.9,0.2978,1599.3,1.0,Hyperliquid,2023-10-14 18:16:23.045037
1554.5,10.7058,1555.0,8.2067,Hyperliquid,2023-10-14 19:10:12.258622
1554.3,111.7312,1555.1,74.897,Hyperliquid,2023-10-14 19:10:12.258622
1554.2,110.2586,1555.4,73.9809,Hyperliquid,2023-10-14 19:10:12.258622
1553.9,0.3068,1555.6,0.1534,Hyperliquid,2023-10-14 19:10:12.258622
1553.0,97.8838,1556.6,42.1367,Hyperliquid,2023-10-14 19:10:12.258622
1550.9,107.0103,1557.0,42.1758,Hyperliquid,2023-10-14 19:10:12.258622
1549.0,2.0,1558.9,107.0275,Hyperliquid,2023-10-14 19:10:12.258622
1548.5,96.3495,1563.1,52.3218,Hyperliquid,2023-10-14 19:10:12.258622
1542.4,258.4459,1563.8,51.0814,Hyperliquid,2023-10-14 19:10:12.258622
1541.4,245.1829,1571.3,272.1334,Hyperliquid,2023-10-14 19:10:12.258622
1538.0,0.0715,1573.5,260.4722,Hyperliquid,2023-10-14 19:10:12.258622
1537.7,249.9306,1578.5,0.076,Hyperliquid,2023-10-14 19:10:12.258622
1536.1,264.5017,1581.3,246.5255,Hyperliquid,2023-10-14 19:10:12.258622
1530.8,0.0186,1583.1,278.8252,Hyperliquid,2023-10-14 19:10:12.258622
1530.2,0.2574,1594.8,245.2442,Hyperliquid,2023-10-14 19:10:12.258622
1529.6,0.2675,1598.7,0.444,Hyperliquid,2023-10-14 19:10:12.258622
1529.0,0.2776,1598.9,0.1486,Hyperliquid,2023-10-14 19:10:12.258622
1528.5,0.2877,1599.3,1.0,Hyperliquid,2023-10-14 19:10:12.258622
1527.9,0.2978,1601.2,245.586,Hyperliquid,2023-10-14 19:10:12.258622
1527.3,0.3078,1630.0,0.7749,Hyperliquid,2023-10-14 19:10:12.258622
1555.4,10.8791,1555.9,8.7672,Hyperliquid,2023-10-14 20:12:58.620053
1555.2,101.7581,1556.0,0.0185,Hyperliquid,2023-10-14 20:12:58.620053
1555.0,3.8938,1556.1,81.0346,Hyperliquid,2023-10-14 20:12:58.620053
1554.9,102.6729,1556.2,0.1534,Hyperliquid,2023-10-14 20:12:58.620053
1554.6,0.0193,1556.3,85.9741,Hyperliquid,2023-10-14 20:12:58.620053
1553.9,99.5796,1557.5,43.6533,Hyperliquid,2023-10-14 20:12:58.620053
1552.2,105.3686,1557.9,40.3563,Hyperliquid,2023-10-14 20:12:58.620053
1549.0,2.0,1560.0,98.5673,Hyperliquid,2023-10-14 20:12:58.620053
1548.5,104.9623,1563.8,51.0814,Hyperliquid,2023-10-14 20:12:58.620053
1542.4,258.4459,1565.1,48.2331,Hyperliquid,2023-10-14 20:12:58.620053
1541.4,245.1829,1571.3,272.1334,Hyperliquid,2023-10-14 20:12:58.620053
1538.0,0.0715,1573.5,260.4722,Hyperliquid,2023-10-14 20:12:58.620053
1537.7,249.9306,1578.5,0.076,Hyperliquid,2023-10-14 20:12:58.620053
1536.1,264.5017,1581.3,246.5255,Hyperliquid,2023-10-14 20:12:58.620053
1530.8,0.0186,1583.1,278.8252,Hyperliquid,2023-10-14 20:12:58.620053
1530.2,0.2574,1594.8,245.2442,Hyperliquid,2023-10-14 20:12:58.620053
1529.6,0.2675,1598.7,0.444,Hyperliquid,2023-10-14 20:12:58.620053
1529.0,0.2776,1598.9,0.1486,Hyperliquid,2023-10-14 20:12:58.620053
1528.5,0.2877,1599.3,1.0,Hyperliquid,2023-10-14 20:12:58.620053
1527.9,0.2978,1601.2,245.586,Hyperliquid,2023-10-14 20:12:58.620053
1558.6,12.3051,1559.1,0.0571,Hyperliquid,2023-10-14 21:10:57.192448
1558.5,51.3761,1559.2,0.034,Hyperliquid,2023-10-14 21:10:57.192448
1558.4,0.1534,1559.3,8.557,Hyperliquid,2023-10-14 21:10:57.192448
1558.3,52.2525,1559.6,42.9153,Hyperliquid,2023-10-14 21:10:57.192448
1558.1,110.0878,1559.8,41.7891,Hyperliquid,2023-10-14 21:10:57.192448
1557.1,47.6261,1560.0,38.3594,Hyperliquid,2023-10-14 21:10:57.192448
1556.9,48.5072,1560.1,37.7312,Hyperliquid,2023-10-14 21:10:57.192448
1555.7,109.3708,1560.6,0.0174,Hyperliquid,2023-10-14 21:10:57.192448
1552.7,50.5771,1562.0,82.769,Hyperliquid,2023-10-14 21:10:57.192448
1552.6,48.9266,1564.1,51.17,Hyperliquid,2023-10-14 21:10:57.192448
1547.8,262.703,1564.3,51.9649,Hyperliquid,2023-10-14 21:10:57.192448
1546.7,237.6351,1568.0,53.3615,Hyperliquid,2023-10-14 21:10:57.192448
1541.7,243.4452,1569.6,53.7184,Hyperliquid,2023-10-14 21:10:57.192448
1540.1,261.1405,1577.3,249.6131,Hyperliquid,2023-10-14 21:10:57.192448
1538.0,0.0715,1578.5,0.076,Hyperliquid,2023-10-14 21:10:57.192448
1530.2,244.1141,1578.6,267.6866,Hyperliquid,2023-10-14 21:10:57.192448
1528.5,0.1088,1586.7,262.644,Hyperliquid,2023-10-14 21:10:57.192448
1528.3,257.3696,1588.6,229.9573,Hyperliquid,2023-10-14 21:10:57.192448
1527.9,0.2978,1598.7,0.444,Hyperliquid,2023-10-14 21:10:57.192448
1527.3,0.3078,1598.9,0.1486,Hyperliquid,2023-10-14 21:10:57.192448
1555.9,0.573,1556.2,0.1622,Hyperliquid,2023-10-14 22:11:42.175621
1555.8,10.1125,1556.3,7.7761,Hyperliquid,2023-10-14 22:11:42.175621
1555.7,5.5039,1556.4,43.0739,Hyperliquid,2023-10-14 22:11:42.175621
1555.6,105.083,1556.5,128.1241,Hyperliquid,2023-10-14 22:11:42.175621
1555.4,0.1622,1557.4,0.0184,Hyperliquid,2023-10-14 22:11:42.175621
1555.3,104.25,1558.1,79.5429,Hyperliquid,2023-10-14 22:11:42.175621
1554.9,0.1534,1560.0,51.8957,Hyperliquid,2023-10-14 22:11:42.175621
1554.3,54.4809,1560.2,48.1978,Hyperliquid,2023-10-14 22:11:42.175621
1554.1,48.3594,1564.1,50.0952,Hyperliquid,2023-10-14 22:11:42.175621
1552.9,111.5976,1564.4,54.7371,Hyperliquid,2023-10-14 22:11:42.175621
1549.5,100.4333,1571.6,245.155,Hyperliquid,2023-10-14 22:11:42.175621
1543.8,252.0515,1573.8,237.7775,Hyperliquid,2023-10-14 22:11:42.175621
1542.4,280.6266,1578.5,0.076,Hyperliquid,2023-10-14 22:11:42.175621
1538.0,0.0715,1581.5,253.2736,Hyperliquid,2023-10-14 22:11:42.175621
1537.7,253.9927,1583.4,279.648,Hyperliquid,2023-10-14 22:11:42.175621
1536.1,280.8954,1598.7,0.444,Hyperliquid,2023-10-14 22:11:42.175621
1528.5,0.1088,1598.9,0.1486,Hyperliquid,2023-10-14 22:11:42.175621
1528.3,257.3696,1599.3,1.0,Hyperliquid,2023-10-14 22:11:42.175621
1527.9,0.2978,1601.2,245.586,Hyperliquid,2023-10-14 22:11:42.175621
1527.3,0.3078,1603.6,257.7002,Hyperliquid,2023-10-14 22:11:42.175621
1556.5,60.3384,1557.0,7.8032,Hyperliquid,2023-10-14 23:12:25.320965
1556.4,47.2799,1557.3,83.2366,Hyperliquid,2023-10-14 23:12:25.320965
1556.3,158.273,1557.5,84.3682,Hyperliquid,2023-10-14 23:12:25.320965
1556.2,0.1534,1559.4,80.8426,Hyperliquid,2023-10-14 23:12:25.320965
1556.1,0.0189,1561.2,53.2699,Hyperliquid,2023-10-14 23:12:25.320965
1555.2,6.0315,1561.3,55.1453,Hyperliquid,2023-10-14 23:12:25.320965
1555.1,99.5344,1566.0,50.7192,Hyperliquid,2023-10-14 23:12:25.320965
1553.6,104.2796,1566.3,53.5611,Hyperliquid,2023-10-14 23:12:25.320965
1550.5,109.7154,1571.6,245.155,Hyperliquid,2023-10-14 23:12:25.320965
1545.0,261.0549,1573.8,237.7775,Hyperliquid,2023-10-14 23:12:25.320965
1543.8,252.0515,1578.5,0.076,Hyperliquid,2023-10-14 23:12:25.320965
1538.0,0.0715,1581.5,253.2736,Hyperliquid,2023-10-14 23:12:25.320965
1537.7,253.9927,1583.4,279.648,Hyperliquid,2023-10-14 23:12:25.320965
1536.1,280.8954,1598.7,0.444,Hyperliquid,2023-10-14 23:12:25.320965
1528.5,0.1088,1598.9,0.1486,Hyperliquid,2023-10-14 23:12:25.320965
1528.3,257.3696,1599.3,1.0,Hyperliquid,2023-10-14 23:12:25.320965
1527.9,0.2978,1601.2,245.586,Hyperliquid,2023-10-14 23:12:25.320965
1527.3,0.3078,1603.6,257.7002,Hyperliquid,2023-10-14 23:12:25.320965
1526.7,0.3179,1630.0,0.7749,Hyperliquid,2023-10-14 23:12:25.320965
1526.1,0.328,1659.0,0.2896,Hyperliquid,2023-10-14 23:12:25.320965
1551.9,9.8233,1552.2,0.4675,Hyperliquid,2023-10-15 01:04:25.827735
1551.8,2.3577,1552.3,8.8589,Hyperliquid,2023-10-15 01:04:25.827735
1551.7,105.171,1552.4,0.1705,Hyperliquid,2023-10-15 01:04:25.827735
1551.6,0.1622,1552.5,85.8266,Hyperliquid,2023-10-15 01:04:25.827735
1551.4,103.7341,1552.9,87.7351,Hyperliquid,2023-10-15 01:04:25.827735
1551.3,0.1534,1554.0,80.8148,Hyperliquid,2023-10-15 01:04:25.827735
1551.0,0.0321,1556.5,55.7572,Hyperliquid,2023-10-15 01:04:25.827735
1550.3,104.8177,1556.6,51.7669,Hyperliquid,2023-10-15 01:04:25.827735
1548.8,105.3025,1560.6,49.3649,Hyperliquid,2023-10-15 01:04:25.827735
1545.1,98.8146,1561.4,51.3885,Hyperliquid,2023-10-15 01:04:25.827735
1539.2,253.2822,1567.9,266.1389,Hyperliquid,2023-10-15 01:04:25.827735
1538.0,0.0715,1569.0,265.3757,Hyperliquid,2023-10-15 01:04:25.827735
1537.4,282.906,1578.4,269.9762,Hyperliquid,2023-10-15 01:04:25.827735
1532.5,257.4993,1578.5,0.076,Hyperliquid,2023-10-15 01:04:25.827735
1531.2,263.9676,1579.4,258.6087,Hyperliquid,2023-10-15 01:04:25.827735
1528.5,0.1088,1592.0,247.3076,Hyperliquid,2023-10-15 01:04:25.827735
1527.9,0.2978,1593.1,268.6472,Hyperliquid,2023-10-15 01:04:25.827735
1527.3,0.3078,1598.7,0.444,Hyperliquid,2023-10-15 01:04:25.827735
1526.7,0.3179,1598.9,0.1486,Hyperliquid,2023-10-15 01:04:25.827735
1526.1,0.328,1599.3,1.0,Hyperliquid,2023-10-15 01:04:25.827735
1554.0,10.5518,1554.5,7.6001,Hyperliquid,2023-10-15 02:22:42.483781
1553.9,111.1286,1554.6,0.0263,Hyperliquid,2023-10-15 02:22:42.483781
1553.7,5.3634,1554.7,76.5794,Hyperliquid,2023-10-15 02:22:42.483781
1553.6,103.8759,1555.0,42.3773,Hyperliquid,2023-10-15 02:22:42.483781
1553.5,0.1534,1555.1,43.5227,Hyperliquid,2023-10-15 02:22:42.483781
1553.2,0.0108,1556.6,39.741,Hyperliquid,2023-10-15 02:22:42.483781
1552.9,99.3781,1556.7,37.8751,Hyperliquid,2023-10-15 02:22:42.483781
1551.0,47.8345,1559.1,56.4455,Hyperliquid,2023-10-15 02:22:42.483781
1550.9,53.823,1559.3,51.4989,Hyperliquid,2023-10-15 02:22:42.483781
1548.6,53.1065,1563.5,46.7821,Hyperliquid,2023-10-15 02:22:42.483781
1548.4,49.7074,1564.5,55.175,Hyperliquid,2023-10-15 02:22:42.483781
1545.1,0.25,1571.5,259.3121,Hyperliquid,2023-10-15 02:22:42.483781
1542.7,287.681,1572.6,269.2432,Hyperliquid,2023-10-15 02:22:42.483781
1541.7,237.3712,1578.5,0.076,Hyperliquid,2023-10-15 02:22:42.483781
1538.0,0.0715,1579.4,258.6087,Hyperliquid,2023-10-15 02:22:42.483781
1536.4,261.9911,1583.9,271.1856,Hyperliquid,2023-10-15 02:22:42.483781
1535.0,274.9502,1593.1,268.6472,Hyperliquid,2023-10-15 02:22:42.483781
1528.5,0.1088,1598.7,0.444,Hyperliquid,2023-10-15 02:22:42.483781
1527.9,0.2978,1598.9,0.1486,Hyperliquid,2023-10-15 02:22:42.483781
1527.3,0.3078,1599.3,1.0,Hyperliquid,2023-10-15 02:22:42.483781
1555.2,10.8907,1555.6,8.2751,Hyperliquid,2023-10-15 03:13:43.936778
1555.0,104.7947,1555.7,0.0067,Hyperliquid,2023-10-15 03:13:43.936778
1554.9,1.5451,1555.8,76.9978,Hyperliquid,2023-10-15 03:13:43.936778
1554.8,105.2554,1556.1,82.1172,Hyperliquid,2023-10-15 03:13:43.936778
1554.7,0.1534,1557.4,38.4859,Hyperliquid,2023-10-15 03:13:43.936778
1554.3,0.0285,1557.6,43.8712,Hyperliquid,2023-10-15 03:13:43.936778
1553.7,104.021,1559.6,53.8821,Hyperliquid,2023-10-15 03:13:43.936778
1552.4,48.3218,1560.1,54.2889,Hyperliquid,2023-10-15 03:13:43.936778
1552.2,49.5509,1563.5,46.7821,Hyperliquid,2023-10-15 03:13:43.936778
1549.7,53.7811,1564.6,56.637,Hyperliquid,2023-10-15 03:13:43.936778
1548.6,53.1065,1571.5,259.3121,Hyperliquid,2023-10-15 03:13:43.936778
1545.1,0.25,1572.6,269.2432,Hyperliquid,2023-10-15 03:13:43.936778
1542.7,287.681,1578.5,0.076,Hyperliquid,2023-10-15 03:13:43.936778
1541.7,237.3712,1579.4,258.6087,Hyperliquid,2023-10-15 03:13:43.936778
1538.0,0.0715,1583.9,271.1856,Hyperliquid,2023-10-15 03:13:43.936778
1536.4,261.9911,1593.1,268.6472,Hyperliquid,2023-10-15 03:13:43.936778
1535.0,274.9502,1598.7,0.444,Hyperliquid,2023-10-15 03:13:43.936778
1528.5,0.1088,1598.9,0.1486,Hyperliquid,2023-10-15 03:13:43.936778
1527.9,0.2978,1599.3,1.0,Hyperliquid,2023-10-15 03:13:43.936778
1527.3,0.3078,1600.8,277.2391,Hyperliquid,2023-10-15 03:13:43.936778
1553.4,9.748,1553.8,0.1587,Hyperliquid,2023-10-15 04:15:25.059022
1553.2,106.8088,1553.9,7.832,Hyperliquid,2023-10-15 04:15:25.059022
1553.1,103.6264,1554.1,78.682,Hyperliquid,2023-10-15 04:15:25.059022
1552.7,0.1534,1554.2,82.4972,Hyperliquid,2023-10-15 04:15:25.059022
1551.9,104.1419,1555.8,81.8604,Hyperliquid,2023-10-15 04:15:25.059022
1550.7,55.3987,1557.8,49.4871,Hyperliquid,2023-10-15 04:15:25.059022
1550.5,48.7522,1558.2,48.99,Hyperliquid,2023-10-15 04:15:25.059022
1546.8,107.6324,1562.8,46.9798,Hyperliquid,2023-10-15 04:15:25.059022
1545.1,0.25,1563.5,46.7821,Hyperliquid,2023-10-15 04:15:25.059022
1542.7,287.681,1571.5,259.3121,Hyperliquid,2023-10-15 04:15:25.059022
1541.7,237.3712,1572.6,269.2432,Hyperliquid,2023-10-15 04:15:25.059022
1538.0,0.0715,1578.5,0.076,Hyperliquid,2023-10-15 04:15:25.059022
1536.4,261.9911,1578.8,255.3354,Hyperliquid,2023-10-15 04:15:25.059022
1535.0,274.9502,1579.4,258.6087,Hyperliquid,2023-10-15 04:15:25.059022
1528.5,0.1088,1593.1,268.6472,Hyperliquid,2023-10-15 04:15:25.059022
1527.9,0.2978,1598.7,0.444,Hyperliquid,2023-10-15 04:15:25.059022
1527.3,0.3078,1598.9,0.1486,Hyperliquid,2023-10-15 04:15:25.059022
1526.7,0.3179,1599.3,1.0,Hyperliquid,2023-10-15 04:15:25.059022
1526.1,0.328,1600.8,277.2391,Hyperliquid,2023-10-15 04:15:25.059022
1525.5,0.3381,1630.0,0.7749,Hyperliquid,2023-10-15 04:15:25.059022
1553.3,11.1604,1553.7,7.9752,Hyperliquid,2023-10-15 05:12:11.732961
1553.1,105.2986,1553.9,75.8143,Hyperliquid,2023-10-15 05:12:11.732961
1553.0,0.1534,1554.3,84.1302,Hyperliquid,2023-10-15 05:12:11.732961
1552.9,5.9581,1556.1,76.2292,Hyperliquid,2023-10-15 05:12:11.732961
1552.8,107.3999,1557.9,54.7715,Hyperliquid,2023-10-15 05:12:11.732961
1552.0,105.5599,1558.1,57.0981,Hyperliquid,2023-10-15 05:12:11.732961
1550.5,50.8869,1562.8,46.9798,Hyperliquid,2023-10-15 05:12:11.732961
1550.3,55.8958,1563.6,53.501,Hyperliquid,2023-10-15 05:12:11.732961
1548.1,107.4172,1571.5,259.3121,Hyperliquid,2023-10-15 05:12:11.732961
1545.1,0.25,1572.6,269.2432,Hyperliquid,2023-10-15 05:12:11.732961
1542.7,287.681,1578.5,0.076,Hyperliquid,2023-10-15 05:12:11.732961
1541.7,237.3712,1578.8,255.3354,Hyperliquid,2023-10-15 05:12:11.732961
1538.0,0.0715,1579.4,258.6087,Hyperliquid,2023-10-15 05:12:11.732961
1536.4,261.9911,1593.1,268.6472,Hyperliquid,2023-10-15 05:12:11.732961
1535.0,274.9502,1598.7,0.444,Hyperliquid,2023-10-15 05:12:11.732961
1528.5,0.1088,1598.9,0.1486,Hyperliquid,2023-10-15 05:12:11.732961
1527.9,0.2978,1599.3,1.0,Hyperliquid,2023-10-15 05:12:11.732961
1527.3,0.3078,1600.8,277.2391,Hyperliquid,2023-10-15 05:12:11.732961
1526.7,0.3179,1630.0,0.7749,Hyperliquid,2023-10-15 05:12:11.732961
1526.1,0.328,1659.0,0.2896,Hyperliquid,2023-10-15 05:12:11.732961
1553.2,5.6584,1553.6,8.1728,Hyperliquid,2023-10-15 06:17:10.551830
1553.1,10.5912,1553.7,86.657,Hyperliquid,2023-10-15 06:17:10.551830
1553.0,0.0134,1553.8,0.2014,Hyperliquid,2023-10-15 06:17:10.551830
1552.9,100.3609,1553.9,87.7368,Hyperliquid,2023-10-15 06:17:10.551830
1552.7,98.3072,1554.4,0.0219,Hyperliquid,2023-10-15 06:17:10.551830
1552.6,0.1534,1555.7,85.2867,Hyperliquid,2023-10-15 06:17:10.551830
1551.7,100.0331,1558.0,55.0955,Hyperliquid,2023-10-15 06:17:10.551830
1550.3,55.5804,1558.2,54.0423,Hyperliquid,2023-10-15 06:17:10.551830
1550.2,50.4858,1561.8,47.1728,Hyperliquid,2023-10-15 06:17:10.551830
1548.1,107.4172,1562.8,46.9798,Hyperliquid,2023-10-15 06:17:10.551830
1545.1,0.25,1571.5,259.3121,Hyperliquid,2023-10-15 06:17:10.551830
1542.7,287.681,1572.6,269.2432,Hyperliquid,2023-10-15 06:17:10.551830
1541.7,237.3712,1578.5,0.076,Hyperliquid,2023-10-15 06:17:10.551830
1538.0,0.0715,1578.8,255.3354,Hyperliquid,2023-10-15 06:17:10.551830
1536.4,261.9911,1579.4,258.6087,Hyperliquid,2023-10-15 06:17:10.551830
1535.0,274.9502,1593.1,268.6472,Hyperliquid,2023-10-15 06:17:10.551830
1528.5,0.1088,1598.7,0.444,Hyperliquid,2023-10-15 06:17:10.551830
1527.9,0.2978,1598.9,0.1486,Hyperliquid,2023-10-15 06:17:10.551830
1527.3,0.3078,1599.3,1.0,Hyperliquid,2023-10-15 06:17:10.551830
1526.7,0.3179,1600.8,277.2391,Hyperliquid,2023-10-15 06:17:10.551830
1553.7,1.2842,1553.8,8.7093,Hyperliquid,2023-10-15 07:11:28.006794
1553.6,0.0315,1554.1,0.5447,Hyperliquid,2023-10-15 07:11:28.006794
1553.4,11.045,1554.2,87.6386,Hyperliquid,2023-10-15 07:11:28.006794
1553.3,104.2363,1554.4,87.1016,Hyperliquid,2023-10-15 07:11:28.006794
1553.2,101.6553,1555.1,0.0289,Hyperliquid,2023-10-15 07:11:28.006794
1553.1,0.1534,1555.9,84.1678,Hyperliquid,2023-10-15 07:11:28.006794
1552.3,50.4649,1558.0,52.614,Hyperliquid,2023-10-15 07:11:28.006794
1552.0,47.0589,1558.3,46.8518,Hyperliquid,2023-10-15 07:11:28.006794
1550.9,53.6694,1561.0,46.8986,Hyperliquid,2023-10-15 07:11:28.006794
1550.8,55.3686,1561.8,47.1728,Hyperliquid,2023-10-15 07:11:28.006794
1550.0,0.0267,1571.5,259.3121,Hyperliquid,2023-10-15 07:11:28.006794
1548.5,0.0269,1572.6,269.2432,Hyperliquid,2023-10-15 07:11:28.006794
1547.0,0.0272,1578.5,0.076,Hyperliquid,2023-10-15 07:11:28.006794
1546.7,105.5656,1578.8,255.3354,Hyperliquid,2023-10-15 07:11:28.006794
1545.5,0.0275,1579.4,258.6087,Hyperliquid,2023-10-15 07:11:28.006794
1545.1,0.25,1593.1,268.6472,Hyperliquid,2023-10-15 07:11:28.006794
1543.9,0.0277,1598.7,0.444,Hyperliquid,2023-10-15 07:11:28.006794
1542.4,0.028,1598.9,0.1486,Hyperliquid,2023-10-15 07:11:28.006794
1541.7,237.3712,1599.3,1.0,Hyperliquid,2023-10-15 07:11:28.006794
1540.9,0.0283,1600.8,277.2391,Hyperliquid,2023-10-15 07:11:28.006794
1554.7,4.3505,1555.0,7.5859,Hyperliquid,2023-10-15 08:15:42.151948
1554.6,11.2285,1555.2,3.6181,Hyperliquid,2023-10-15 08:15:42.151948
1554.5,105.8139,1555.3,81.336,Hyperliquid,2023-10-15 08:15:42.151948
1554.3,0.1534,1555.5,78.734,Hyperliquid,2023-10-15 08:15:42.151948
1554.2,97.5531,1556.3,0.0249,Hyperliquid,2023-10-15 08:15:42.151948
1553.3,102.117,1557.2,43.644,Hyperliquid,2023-10-15 08:15:42.151948
1552.0,95.6656,1557.4,41.8856,Hyperliquid,2023-10-15 08:15:42.151948
1550.0,0.0333,1559.2,52.4191,Hyperliquid,2023-10-15 08:15:42.151948
1549.6,107.3958,1559.7,52.4627,Hyperliquid,2023-10-15 08:15:42.151948
1548.5,0.0337,1563.8,55.3336,Hyperliquid,2023-10-15 08:15:42.151948
1547.0,0.034,1564.9,53.5112,Hyperliquid,2023-10-15 08:15:42.151948
1545.5,0.0343,1571.5,259.3121,Hyperliquid,2023-10-15 08:15:42.151948
1545.1,0.25,1572.6,269.2432,Hyperliquid,2023-10-15 08:15:42.151948
1543.9,0.0347,1578.5,0.076,Hyperliquid,2023-10-15 08:15:42.151948
1542.6,253.1538,1578.8,255.3354,Hyperliquid,2023-10-15 08:15:42.151948
1542.4,0.035,1579.4,258.6087,Hyperliquid,2023-10-15 08:15:42.151948
1541.7,237.3712,1593.1,268.6472,Hyperliquid,2023-10-15 08:15:42.151948
1540.9,0.0354,1598.7,0.444,Hyperliquid,2023-10-15 08:15:42.151948
1539.4,0.0357,1598.9,0.1486,Hyperliquid,2023-10-15 08:15:42.151948
1538.0,0.0715,1599.3,1.0,Hyperliquid,2023-10-15 08:15:42.151948
1559.6,3.4146,1560.0,7.8361,Hyperliquid,2023-10-15 09:12:08.639172
1559.5,10.2484,1560.2,3.5993,Hyperliquid,2023-10-15 09:12:08.639172
1559.2,104.0107,1560.3,77.3945,Hyperliquid,2023-10-15 09:12:08.639172
1559.0,106.5419,1560.4,80.6185,Hyperliquid,2023-10-15 09:12:08.639172
1558.9,0.1534,1560.9,0.0163,Hyperliquid,2023-10-15 09:12:08.639172
1558.0,55.7888,1561.8,36.2261,Hyperliquid,2023-10-15 09:12:08.639172
1557.7,53.1905,1561.9,40.7533,Hyperliquid,2023-10-15 09:12:08.639172
1556.0,0.0642,1563.7,49.3139,Hyperliquid,2023-10-15 09:12:08.639172
1555.9,112.9962,1563.8,48.1784,Hyperliquid,2023-10-15 09:12:08.639172
1552.1,105.64,1567.7,51.0045,Hyperliquid,2023-10-15 09:12:08.639172
1546.9,277.1672,1568.8,47.7903,Hyperliquid,2023-10-15 09:12:08.639172
1545.2,252.4188,1575.1,243.4785,Hyperliquid,2023-10-15 09:12:08.639172
1545.1,0.25,1576.3,258.0967,Hyperliquid,2023-10-15 09:12:08.639172
1540.3,260.8612,1578.5,0.076,Hyperliquid,2023-10-15 09:12:08.639172
1538.8,283.1583,1584.2,261.4044,Hyperliquid,2023-10-15 09:12:08.639172
1538.0,0.0715,1584.8,270.5339,Hyperliquid,2023-10-15 09:12:08.639172
1528.5,0.1088,1598.7,0.444,Hyperliquid,2023-10-15 09:12:08.639172
1527.9,0.2978,1598.9,0.1486,Hyperliquid,2023-10-15 09:12:08.639172
1527.3,0.3078,1599.3,1.0,Hyperliquid,2023-10-15 09:12:08.639172
1526.7,0.3179,1600.8,277.2391,Hyperliquid,2023-10-15 09:12:08.639172
1556.9,1.9191,1557.3,7.838,Hyperliquid,2023-10-15 10:13:25.395227
1556.8,10.1055,1557.5,74.8664,Hyperliquid,2023-10-15 10:13:25.395227
1556.7,106.2179,1557.6,2.2621,Hyperliquid,2023-10-15 10:13:25.395227
1556.5,112.2512,1557.7,0.0284,Hyperliquid,2023-10-15 10:13:25.395227
1556.4,0.0438,1557.8,75.5118,Hyperliquid,2023-10-15 10:13:25.395227
1556.3,0.1641,1558.3,0.037,Hyperliquid,2023-10-15 10:13:25.395227
1556.0,0.0642,1559.1,0.0585,Hyperliquid,2023-10-15 10:13:25.395227
1555.4,100.9525,1559.5,43.3417,Hyperliquid,2023-10-15 10:13:25.395227
1554.0,101.4124,1559.6,43.606,Hyperliquid,2023-10-15 10:13:25.395227
1550.5,105.7938,1561.8,103.384,Hyperliquid,2023-10-15 10:13:25.395227
1545.2,252.4188,1565.9,53.1468,Hyperliquid,2023-10-15 10:13:25.395227
1545.1,0.25,1567.0,51.9774,Hyperliquid,2023-10-15 10:13:25.395227
1544.2,274.6615,1575.1,243.4785,Hyperliquid,2023-10-15 10:13:25.395227
1540.3,260.8612,1576.3,258.0967,Hyperliquid,2023-10-15 10:13:25.395227
1538.8,283.1583,1578.5,0.076,Hyperliquid,2023-10-15 10:13:25.395227
1538.0,0.0715,1584.2,261.4044,Hyperliquid,2023-10-15 10:13:25.395227
1528.5,0.1088,1584.8,270.5339,Hyperliquid,2023-10-15 10:13:25.395227
1527.9,0.2978,1598.7,0.444,Hyperliquid,2023-10-15 10:13:25.395227
1527.3,0.3078,1598.9,0.1486,Hyperliquid,2023-10-15 10:13:25.395227
1526.7,0.3179,1599.3,1.0,Hyperliquid,2023-10-15 10:13:25.395227
1555.7,0.1312,1556.0,0.0269,Hyperliquid,2023-10-15 11:10:22.181449
1555.6,10.0202,1556.1,8.6858,Hyperliquid,2023-10-15 11:10:22.181449
1555.4,104.4731,1556.2,43.8404,Hyperliquid,2023-10-15 11:10:22.181449
1555.2,105.723,1556.3,42.7751,Hyperliquid,2023-10-15 11:10:22.181449
1554.9,0.1534,1556.5,43.531,Hyperliquid,2023-10-15 11:10:22.181449
1554.6,0.0114,1556.6,37.8748,Hyperliquid,2023-10-15 11:10:22.181449
1554.1,53.4205,1557.9,76.5432,Hyperliquid,2023-10-15 11:10:22.181449
1553.8,54.4728,1559.8,0.0535,Hyperliquid,2023-10-15 11:10:22.181449
1552.2,101.1656,1560.1,111.5886,Hyperliquid,2023-10-15 11:10:22.181449
1549.0,110.8108,1564.2,56.7022,Hyperliquid,2023-10-15 11:10:22.181449
1545.2,252.4188,1565.2,54.9536,Hyperliquid,2023-10-15 11:10:22.181449
1545.1,0.25,1572.8,250.6058,Hyperliquid,2023-10-15 11:10:22.181449
1544.2,274.6615,1575.1,243.4785,Hyperliquid,2023-10-15 11:10:22.181449
1540.3,260.8612,1578.5,0.076,Hyperliquid,2023-10-15 11:10:22.181449
1538.8,283.1583,1584.2,261.4044,Hyperliquid,2023-10-15 11:10:22.181449
1538.0,0.0715,1584.8,270.5339,Hyperliquid,2023-10-15 11:10:22.181449
1528.5,0.1088,1598.7,0.444,Hyperliquid,2023-10-15 11:10:22.181449
1527.9,0.2978,1598.9,0.1486,Hyperliquid,2023-10-15 11:10:22.181449
1527.3,0.3078,1599.3,1.0,Hyperliquid,2023-10-15 11:10:22.181449
1526.7,0.3179,1600.8,277.2391,Hyperliquid,2023-10-15 11:10:22.181449
1555.0,60.3255,1555.5,0.1367,Hyperliquid,2023-10-15 12:24:36.739599
1554.9,57.1403,1555.6,8.1493,Hyperliquid,2023-10-15 12:24:36.739599
1554.7,102.2594,1555.7,2.6464,Hyperliquid,2023-10-15 12:24:36.739599
1553.6,101.1851,1555.8,38.4575,Hyperliquid,2023-10-15 12:24:36.739599
1553.2,0.0684,1555.9,40.4232,Hyperliquid,2023-10-15 12:24:36.739599
1552.2,51.8653,1556.2,79.4816,Hyperliquid,2023-10-15 12:24:36.739599
1551.7,50.2994,1557.7,74.7601,Hyperliquid,2023-10-15 12:24:36.739599
1548.9,106.9867,1559.6,106.8954,Hyperliquid,2023-10-15 12:24:36.739599
1545.1,0.25,1559.8,0.0535,Hyperliquid,2023-10-15 12:24:36.739599
1542.4,243.7768,1562.4,56.1329,Hyperliquid,2023-10-15 12:24:36.739599
1541.3,251.3022,1563.3,47.913,Hyperliquid,2023-10-15 12:24:36.739599
1538.0,0.0715,1571.6,245.6871,Hyperliquid,2023-10-15 12:24:36.739599
1536.3,253.585,1572.8,250.6058,Hyperliquid,2023-10-15 12:24:36.739599
1534.9,238.8314,1578.5,0.076,Hyperliquid,2023-10-15 12:24:36.739599
1528.5,0.1088,1579.0,279.5596,Hyperliquid,2023-10-15 12:24:36.739599
1527.9,0.2978,1579.7,249.1552,Hyperliquid,2023-10-15 12:24:36.739599
1527.3,0.3078,1598.7,0.444,Hyperliquid,2023-10-15 12:24:36.739599
1526.7,0.3179,1598.9,0.1486,Hyperliquid,2023-10-15 12:24:36.739599
1526.1,0.328,1599.3,1.0,Hyperliquid,2023-10-15 12:24:36.739599
1525.5,0.3381,1600.8,277.2391,Hyperliquid,2023-10-15 12:24:36.739599
1553.6,0.2868,1554.1,8.5973,Hyperliquid,2023-10-15 13:14:25.704828
1553.5,113.4083,1554.3,0.0321,Hyperliquid,2023-10-15 13:14:25.704828
1553.2,105.3122,1554.4,75.7957,Hyperliquid,2023-10-15 13:14:25.704828
1552.9,0.1534,1554.6,80.6636,Hyperliquid,2023-10-15 13:14:25.704828
1552.0,47.0181,1556.3,83.193,Hyperliquid,2023-10-15 13:14:25.704828
1551.8,55.3243,1557.8,48.6615,Hyperliquid,2023-10-15 13:14:25.704828
1550.1,57.0544,1558.0,49.9675,Hyperliquid,2023-10-15 13:14:25.704828
1550.0,48.1596,1559.8,0.0535,Hyperliquid,2023-10-15 13:14:25.704828
1547.3,110.4634,1562.5,47.6957,Hyperliquid,2023-10-15 13:14:25.704828
1545.1,0.25,1562.7,48.0025,Hyperliquid,2023-10-15 13:14:25.704828
1540.3,249.7766,1568.6,280.5832,Hyperliquid,2023-10-15 13:14:25.704828
1539.6,241.6587,1569.1,280.7714,Hyperliquid,2023-10-15 13:14:25.704828
1538.0,0.0715,1578.5,0.076,Hyperliquid,2023-10-15 13:14:25.704828
1534.6,269.1831,1578.7,529.2641,Hyperliquid,2023-10-15 13:14:25.704828
1532.5,252.564,1592.3,245.1501,Hyperliquid,2023-10-15 13:14:25.704828
1528.5,0.1088,1593.2,236.8457,Hyperliquid,2023-10-15 13:14:25.704828
1527.9,0.2978,1598.7,0.444,Hyperliquid,2023-10-15 13:14:25.704828
1527.3,0.3078,1598.9,0.1486,Hyperliquid,2023-10-15 13:14:25.704828
1526.7,0.3179,1599.3,1.0,Hyperliquid,2023-10-15 13:14:25.704828
1526.1,0.328,1630.0,0.7749,Hyperliquid,2023-10-15 13:14:25.704828
1554.9,10.5512,1555.3,2.1458,Hyperliquid,2023-10-15 14:11:20.306717
1554.7,97.7196,1555.4,8.0706,Hyperliquid,2023-10-15 14:11:20.306717
1554.5,109.6399,1555.6,83.1814,Hyperliquid,2023-10-15 14:11:20.306717
1554.2,0.1534,1555.8,87.5762,Hyperliquid,2023-10-15 14:11:20.306717
1553.4,54.3496,1557.1,43.1788,Hyperliquid,2023-10-15 14:11:20.306717
1553.1,52.2393,1557.3,38.5411,Hyperliquid,2023-10-15 14:11:20.306717
1551.3,101.7838,1559.1,55.7897,Hyperliquid,2023-10-15 14:11:20.306717
1548.2,50.2753,1559.4,52.0069,Hyperliquid,2023-10-15 14:11:20.306717
1547.7,53.7054,1562.2,52.9723,Hyperliquid,2023-10-15 14:11:20.306717
1545.1,0.25,1562.8,52.0409,Hyperliquid,2023-10-15 14:11:20.306717
1541.9,281.0692,1569.3,279.2002,Hyperliquid,2023-10-15 14:11:20.306717
1539.9,258.912,1572.8,235.3461,Hyperliquid,2023-10-15 14:11:20.306717
1538.0,0.0715,1578.5,0.076,Hyperliquid,2023-10-15 14:11:20.306717
1533.5,237.7913,1578.8,236.4131,Hyperliquid,2023-10-15 14:11:20.306717
1532.3,242.3878,1581.4,217.2707,Hyperliquid,2023-10-15 14:11:20.306717
1528.5,0.1088,1593.6,235.7706,Hyperliquid,2023-10-15 14:11:20.306717
1527.9,0.2978,1598.3,243.0372,Hyperliquid,2023-10-15 14:11:20.306717
1527.3,0.3078,1598.7,0.444,Hyperliquid,2023-10-15 14:11:20.306717
1526.7,0.3179,1598.9,0.1486,Hyperliquid,2023-10-15 14:11:20.306717
1526.1,0.328,1599.3,1.0,Hyperliquid,2023-10-15 14:11:20.306717
1553.0,0.6165,1553.3,8.0778,Hyperliquid,2023-10-15 15:12:18.355714
1552.9,4.4959,1553.5,38.8499,Hyperliquid,2023-10-15 15:12:18.355714
1552.7,10.6588,1553.6,1.1502,Hyperliquid,2023-10-15 15:12:18.355714
1552.5,47.9643,1553.7,38.0218,Hyperliquid,2023-10-15 15:12:18.355714
1552.4,54.7976,1553.9,79.8628,Hyperliquid,2023-10-15 15:12:18.355714
1552.3,48.2149,1555.2,81.9497,Hyperliquid,2023-10-15 15:12:18.355714
1552.1,47.0839,1557.1,107.1971,Hyperliquid,2023-10-15 15:12:18.355714
1550.9,55.8312,1560.3,111.644,Hyperliquid,2023-10-15 15:12:18.355714
1550.8,50.5397,1571.0,232.1637,Hyperliquid,2023-10-15 15:12:18.355714
1549.4,52.8841,1571.1,232.5537,Hyperliquid,2023-10-15 15:12:18.355714
1549.1,55.7741,1578.5,0.076,Hyperliquid,2023-10-15 15:12:18.355714
1546.0,53.3027,1579.6,246.3994,Hyperliquid,2023-10-15 15:12:18.355714
1545.7,47.2681,1579.8,250.7853,Hyperliquid,2023-10-15 15:12:18.355714
1545.1,0.25,1596.6,226.6515,Hyperliquid,2023-10-15 15:12:18.355714
1538.1,244.6827,1596.8,254.4427,Hyperliquid,2023-10-15 15:12:18.355714
1538.0,244.7758,1598.7,0.444,Hyperliquid,2023-10-15 15:12:18.355714
1531.7,262.8543,1598.9,0.1486,Hyperliquid,2023-10-15 15:12:18.355714
1531.5,245.7931,1599.3,1.0,Hyperliquid,2023-10-15 15:12:18.355714
1522.5,16.6282,1630.0,0.7749,Hyperliquid,2023-10-15 15:12:18.355714
1519.0,262.4752,1659.0,0.2896,Hyperliquid,2023-10-15 15:12:18.355714
1552.8,3.0491,1553.1,7.729,Hyperliquid,2023-10-15 16:15:58.659917
1552.7,5.4281,1553.3,44.2549,Hyperliquid,2023-10-15 16:15:58.659917
1552.6,5.705,1553.4,42.0218,Hyperliquid,2023-10-15 16:15:58.659917
1552.5,109.8651,1553.5,40.6041,Hyperliquid,2023-10-15 16:15:58.659917
1552.4,101.3716,1553.7,36.6515,Hyperliquid,2023-10-15 16:15:58.659917
1552.2,0.1534,1555.1,82.2219,Hyperliquid,2023-10-15 16:15:58.659917
1551.5,47.1761,1557.2,56.8192,Hyperliquid,2023-10-15 16:15:58.659917
1551.2,48.0324,1557.5,47.2452,Hyperliquid,2023-10-15 16:15:58.659917
1550.2,50.3881,1562.2,97.3295,Hyperliquid,2023-10-15 16:15:58.659917
1550.1,56.5943,1571.0,232.1637,Hyperliquid,2023-10-15 16:15:58.659917
1547.2,48.5989,1571.1,232.5537,Hyperliquid,2023-10-15 16:15:58.659917
1546.8,51.2088,1578.5,0.076,Hyperliquid,2023-10-15 16:15:58.659917
1545.1,0.25,1579.6,246.3994,Hyperliquid,2023-10-15 16:15:58.659917
1542.3,0.2204,1579.8,250.7853,Hyperliquid,2023-10-15 16:15:58.659917
1540.7,251.6363,1596.6,226.6515,Hyperliquid,2023-10-15 16:15:58.659917
1540.6,261.817,1596.8,254.4427,Hyperliquid,2023-10-15 16:15:58.659917
1538.0,0.0715,1598.7,0.444,Hyperliquid,2023-10-15 16:15:58.659917
1535.6,241.7012,1598.9,0.1486,Hyperliquid,2023-10-15 16:15:58.659917
1535.3,267.9569,1599.3,1.0,Hyperliquid,2023-10-15 16:15:58.659917
1522.5,16.6282,1630.0,0.7749,Hyperliquid,2023-10-15 16:15:58.659917
1556.5,1.2998,1556.9,0.3765,Hyperliquid,2023-10-15 17:11:54.019615
1556.4,5.1524,1557.0,8.2855,Hyperliquid,2023-10-15 17:11:54.019615
1556.3,5.2825,1557.1,37.1675,Hyperliquid,2023-10-15 17:11:54.019615
1556.2,52.0511,1557.2,38.3823,Hyperliquid,2023-10-15 17:11:54.019615
1556.1,54.6873,1557.4,76.1293,Hyperliquid,2023-10-15 17:11:54.019615
1555.9,103.5558,1557.6,36.6161,Hyperliquid,2023-10-15 17:11:54.019615
1555.6,0.1534,1558.5,40.4842,Hyperliquid,2023-10-15 17:11:54.019615
1554.9,55.0148,1559.2,75.3812,Hyperliquid,2023-10-15 17:11:54.019615
1554.7,47.9171,1560.6,54.6582,Hyperliquid,2023-10-15 17:11:54.019615
1552.7,99.5322,1560.7,55.6257,Hyperliquid,2023-10-15 17:11:54.019615
1549.7,55.2672,1564.2,100.9183,Hyperliquid,2023-10-15 17:11:54.019615
1549.1,53.6652,1571.0,232.1637,Hyperliquid,2023-10-15 17:11:54.019615
1545.1,0.25,1571.1,232.5537,Hyperliquid,2023-10-15 17:11:54.019615
1543.2,269.022,1578.5,0.076,Hyperliquid,2023-10-15 17:11:54.019615
1543.1,243.7666,1579.6,246.3994,Hyperliquid,2023-10-15 17:11:54.019615
1542.3,0.2204,1579.8,250.7853,Hyperliquid,2023-10-15 17:11:54.019615
1538.0,0.0715,1596.6,226.6515,Hyperliquid,2023-10-15 17:11:54.019615
1535.5,278.2477,1596.8,254.4427,Hyperliquid,2023-10-15 17:11:54.019615
1535.1,260.7655,1598.7,0.444,Hyperliquid,2023-10-15 17:11:54.019615
1522.5,16.6282,1598.9,0.1486,Hyperliquid,2023-10-15 17:11:54.019615
1557.5,0.2305,1557.8,0.1601,Hyperliquid,2023-10-15 18:16:37.123800
1557.4,10.3111,1557.9,7.5046,Hyperliquid,2023-10-15 18:16:37.123800
1557.3,98.9649,1558.1,42.0861,Hyperliquid,2023-10-15 18:16:37.123800
1557.1,108.0768,1558.2,37.0598,Hyperliquid,2023-10-15 18:16:37.123800
1557.0,0.1534,1558.4,38.9032,Hyperliquid,2023-10-15 18:16:37.123800
1556.1,99.3568,1558.5,39.1395,Hyperliquid,2023-10-15 18:16:37.123800
1555.0,0.0649,1559.8,43.1928,Hyperliquid,2023-10-15 18:16:37.123800
1554.6,51.6067,1559.9,37.0679,Hyperliquid,2023-10-15 18:16:37.123800
1554.3,48.3279,1560.0,0.0317,Hyperliquid,2023-10-15 18:16:37.123800
1551.8,55.535,1562.1,47.6783,Hyperliquid,2023-10-15 18:16:37.123800
1551.3,53.3537,1562.2,55.7738,Hyperliquid,2023-10-15 18:16:37.123800
1545.7,265.322,1566.4,56.8108,Hyperliquid,2023-10-15 18:16:37.123800
1545.1,0.25,1566.8,56.8268,Hyperliquid,2023-10-15 18:16:37.123800
1544.9,244.4656,1574.6,260.7518,Hyperliquid,2023-10-15 18:16:37.123800
1542.3,0.2204,1575.4,255.0189,Hyperliquid,2023-10-15 18:16:37.123800
1539.7,251.5441,1578.5,0.076,Hyperliquid,2023-10-15 18:16:37.123800
1539.0,286.2531,1584.1,226.442,Hyperliquid,2023-10-15 18:16:37.123800
1538.0,0.0715,1584.9,230.5451,Hyperliquid,2023-10-15 18:16:37.123800
1525.2,257.9576,1596.6,226.6515,Hyperliquid,2023-10-15 18:16:37.123800
1523.1,238.917,1598.7,0.444,Hyperliquid,2023-10-15 18:16:37.123800
1563.4,2.7009,1563.8,8.0022,Hyperliquid,2023-10-15 19:10:13.460682
1563.3,0.1364,1564.0,2.8797,Hyperliquid,2023-10-15 19:10:13.460682
1563.2,10.3987,1564.1,169.3236,Hyperliquid,2023-10-15 19:10:13.460682
1563.0,102.1736,1566.1,81.296,Hyperliquid,2023-10-15 19:10:13.460682
1562.8,102.3212,1567.0,0.2,Hyperliquid,2023-10-15 19:10:13.460682
1562.6,0.1534,1567.9,54.2111,Hyperliquid,2023-10-15 19:10:13.460682
1561.7,106.0967,1568.5,50.8398,Hyperliquid,2023-10-15 19:10:13.460682
1560.4,48.1555,1570.0,0.4,Hyperliquid,2023-10-15 19:10:13.460682
1560.3,55.016,1572.0,1.0,Hyperliquid,2023-10-15 19:10:13.460682
1557.4,56.0861,1572.6,50.148,Hyperliquid,2023-10-15 19:10:13.460682
1556.6,54.6444,1572.8,53.2064,Hyperliquid,2023-10-15 19:10:13.460682
1555.0,0.0649,1574.0,0.5323,Hyperliquid,2023-10-15 19:10:13.460682
1551.0,249.462,1575.0,0.5,Hyperliquid,2023-10-15 19:10:13.460682
1549.8,278.7207,1578.5,0.076,Hyperliquid,2023-10-15 19:10:13.460682
1545.1,0.25,1582.0,268.4661,Hyperliquid,2023-10-15 19:10:13.460682
1543.7,273.2619,1582.8,273.0776,Hyperliquid,2023-10-15 19:10:13.460682
1543.0,251.9847,1589.0,1.5,Hyperliquid,2023-10-15 19:10:13.460682
1542.3,0.2204,1589.5,243.0784,Hyperliquid,2023-10-15 19:10:13.460682
1538.0,0.0715,1590.0,1.8,Hyperliquid,2023-10-15 19:10:13.460682
1531.7,256.8948,1590.4,277.1461,Hyperliquid,2023-10-15 19:10:13.460682
1559.9,2.1196,1560.2,7.7927,Hyperliquid,2023-10-15 20:13:21.617792
1559.7,10.5277,1560.3,2.8527,Hyperliquid,2023-10-15 20:13:21.617792
1559.5,112.8388,1560.4,82.4694,Hyperliquid,2023-10-15 20:13:21.617792
1559.4,105.573,1560.7,82.6968,Hyperliquid,2023-10-15 20:13:21.617792
1559.3,0.1534,1562.5,81.3752,Hyperliquid,2023-10-15 20:13:21.617792
1558.6,52.4469,1564.1,54.0127,Hyperliquid,2023-10-15 20:13:21.617792
1558.2,50.0101,1564.6,51.5192,Hyperliquid,2023-10-15 20:13:21.617792
1557.0,47.5173,1567.0,0.2,Hyperliquid,2023-10-15 20:13:21.617792
1556.9,53.7368,1569.0,50.0847,Hyperliquid,2023-10-15 20:13:21.617792
1555.0,0.0649,1569.4,47.6261,Hyperliquid,2023-10-15 20:13:21.617792
1554.3,49.8897,1570.0,0.4,Hyperliquid,2023-10-15 20:13:21.617792
1553.4,54.0052,1572.0,1.0,Hyperliquid,2023-10-15 20:13:21.617792
1548.3,242.8103,1574.0,0.5323,Hyperliquid,2023-10-15 20:13:21.617792
1546.8,272.8213,1575.0,0.5,Hyperliquid,2023-10-15 20:13:21.617792
1545.1,0.25,1575.7,273.6623,Hyperliquid,2023-10-15 20:13:21.617792
1543.0,251.9847,1578.5,235.1372,Hyperliquid,2023-10-15 20:13:21.617792
1542.3,0.2204,1584.2,269.7335,Hyperliquid,2023-10-15 20:13:21.617792
1539.7,278.05,1585.3,230.0542,Hyperliquid,2023-10-15 20:13:21.617792
1538.0,0.0715,1589.0,1.5,Hyperliquid,2023-10-15 20:13:21.617792
1531.7,256.8948,1590.0,1.8,Hyperliquid,2023-10-15 20:13:21.617792
1558.0,2.5699,1558.4,7.5142,Hyperliquid,2023-10-15 21:11:13.556814
1557.9,0.1534,1558.5,4.3563,Hyperliquid,2023-10-15 21:11:13.556814
1557.8,10.2652,1558.7,83.5583,Hyperliquid,2023-10-15 21:11:13.556814
1557.7,9.9571,1558.8,0.7669,Hyperliquid,2023-10-15 21:11:13.556814
1557.6,103.4543,1558.9,42.5124,Hyperliquid,2023-10-15 21:11:13.556814
1557.5,47.8205,1559.0,84.3008,Hyperliquid,2023-10-15 21:11:13.556814
1557.4,55.691,1559.2,82.4801,Hyperliquid,2023-10-15 21:11:13.556814
1556.5,53.7793,1560.5,82.9281,Hyperliquid,2023-10-15 21:11:13.556814
1556.1,53.8744,1562.9,94.1555,Hyperliquid,2023-10-15 21:11:13.556814
1554.8,54.4427,1567.4,106.6473,Hyperliquid,2023-10-15 21:11:13.556814
1554.5,49.3483,1570.0,0.4,Hyperliquid,2023-10-15 21:11:13.556814
1552.7,54.4346,1572.0,1.0,Hyperliquid,2023-10-15 21:11:13.556814
1552.4,52.7546,1574.0,0.5323,Hyperliquid,2023-10-15 21:11:13.556814
1550.0,2.0,1575.0,0.5,Hyperliquid,2023-10-15 21:11:13.556814
1545.6,272.8289,1575.9,277.9473,Hyperliquid,2023-10-15 21:11:13.556814
1545.1,0.25,1578.5,0.076,Hyperliquid,2023-10-15 21:11:13.556814
1545.0,237.909,1578.8,231.7657,Hyperliquid,2023-10-15 21:11:13.556814
1542.6,248.4308,1584.4,263.694,Hyperliquid,2023-10-15 21:11:13.556814
1542.3,0.2204,1585.6,232.311,Hyperliquid,2023-10-15 21:11:13.556814
1539.2,250.016,1589.0,1.5,Hyperliquid,2023-10-15 21:11:13.556814
1566.2,9.5801,1566.7,0.2662,Hyperliquid,2023-10-15 22:12:06.422774
1566.1,0.7221,1566.8,8.3417,Hyperliquid,2023-10-15 22:12:06.422774
1566.0,102.3429,1567.0,83.8107,Hyperliquid,2023-10-15 22:12:06.422774
1565.7,103.5557,1567.4,80.7804,Hyperliquid,2023-10-15 22:12:06.422774
1565.4,0.1534,1568.6,37.5865,Hyperliquid,2023-10-15 22:12:06.422774
1564.6,107.664,1569.0,36.5338,Hyperliquid,2023-10-15 22:12:06.422774
1562.9,48.801,1570.7,100.2048,Hyperliquid,2023-10-15 22:12:06.422774
1562.8,48.2966,1574.0,0.5323,Hyperliquid,2023-10-15 22:12:06.422774
1559.3,96.488,1575.3,47.2456,Hyperliquid,2023-10-15 22:12:06.422774
1553.5,250.7626,1575.4,51.8186,Hyperliquid,2023-10-15 22:12:06.422774
1552.7,279.1555,1578.5,0.076,Hyperliquid,2023-10-15 22:12:06.422774
1550.0,2.0,1582.5,251.4787,Hyperliquid,2023-10-15 22:12:06.422774
1546.9,286.7948,1583.3,266.3167,Hyperliquid,2023-10-15 22:12:06.422774
1546.3,274.4315,1589.7,267.0203,Hyperliquid,2023-10-15 22:12:06.422774
1545.1,0.25,1590.0,1.8,Hyperliquid,2023-10-15 22:12:06.422774
1542.3,0.2204,1590.9,237.5402,Hyperliquid,2023-10-15 22:12:06.422774
1538.0,0.0715,1598.7,0.444,Hyperliquid,2023-10-15 22:12:06.422774
1531.7,256.8948,1598.9,0.1486,Hyperliquid,2023-10-15 22:12:06.422774
1529.5,277.5934,1601.4,264.0588,Hyperliquid,2023-10-15 22:12:06.422774
1522.5,16.6282,1605.4,250.4982,Hyperliquid,2023-10-15 22:12:06.422774
1554.8,0.0151,1555.2,8.5781,Hyperliquid,2023-10-15 23:13:10.174692
1554.7,10.5169,1555.4,3.5359,Hyperliquid,2023-10-15 23:13:10.174692
1554.5,108.4555,1555.5,38.0772,Hyperliquid,2023-10-15 23:13:10.174692
1554.2,101.1171,1555.6,44.4156,Hyperliquid,2023-10-15 23:13:10.174692
1553.7,0.1534,1555.9,82.6498,Hyperliquid,2023-10-15 23:13:10.174692
1553.2,97.5273,1557.4,84.1891,Hyperliquid,2023-10-15 23:13:10.174692
1551.6,98.7126,1559.5,107.3783,Hyperliquid,2023-10-15 23:13:10.174692
1550.0,2.0,1563.7,51.9906,Hyperliquid,2023-10-15 23:13:10.174692
1548.1,53.1557,1563.8,50.7097,Hyperliquid,2023-10-15 23:13:10.174692
1547.9,55.0847,1571.5,239.3143,Hyperliquid,2023-10-15 23:13:10.174692
1545.1,0.25,1572.1,257.6016,Hyperliquid,2023-10-15 23:13:10.174692
1542.3,0.2204,1574.0,0.5323,Hyperliquid,2023-10-15 23:13:10.174692
1541.5,262.2576,1578.5,0.076,Hyperliquid,2023-10-15 23:13:10.174692
1540.6,246.6707,1579.0,265.8963,Hyperliquid,2023-10-15 23:13:10.174692
1538.0,0.0715,1580.3,261.4189,Hyperliquid,2023-10-15 23:13:10.174692
1534.4,279.1039,1590.0,1.8,Hyperliquid,2023-10-15 23:13:10.174692
1533.9,267.615,1596.7,250.0375,Hyperliquid,2023-10-15 23:13:10.174692
1525.1,243.3971,1598.7,0.444,Hyperliquid,2023-10-15 23:13:10.174692
1522.8,242.609,1598.9,0.1486,Hyperliquid,2023-10-15 23:13:10.174692
1522.5,16.6282,1601.4,264.0588,Hyperliquid,2023-10-15 23:13:10.174692
1556.6,2.8564,1557.0,8.4451,Hyperliquid,2023-10-16 01:01:38.663077
1556.5,10.6916,1557.2,40.8768,Hyperliquid,2023-10-16 01:01:38.663077
1556.4,55.8946,1557.3,44.4858,Hyperliquid,2023-10-16 01:01:38.663077
1556.3,47.8694,1557.5,82.6215,Hyperliquid,2023-10-16 01:01:38.663077
1556.2,101.4383,1557.7,0.1534,Hyperliquid,2023-10-16 01:01:38.663077
1556.1,0.1534,1559.0,41.1335,Hyperliquid,2023-10-16 01:01:38.663077
1555.3,47.792,1559.4,40.5103,Hyperliquid,2023-10-16 01:01:38.663077
1555.2,47.0458,1560.8,51.3264,Hyperliquid,2023-10-16 01:01:38.663077
1553.8,103.167,1561.0,54.8086,Hyperliquid,2023-10-16 01:01:38.663077
1550.7,47.7795,1564.9,48.3143,Hyperliquid,2023-10-16 01:01:38.663077
1550.0,2.0,1565.9,53.8813,Hyperliquid,2023-10-16 01:01:38.663077
1549.5,55.9659,1572.3,280.809,Hyperliquid,2023-10-16 01:01:38.663077
1545.1,0.25,1574.0,0.5323,Hyperliquid,2023-10-16 01:01:38.663077
1543.9,264.3263,1575.0,275.2459,Hyperliquid,2023-10-16 01:01:38.663077
1543.3,270.6325,1578.5,0.076,Hyperliquid,2023-10-16 01:01:38.663077
1542.3,0.2204,1580.3,261.4189,Hyperliquid,2023-10-16 01:01:38.663077
1538.5,267.3965,1584.3,260.0341,Hyperliquid,2023-10-16 01:01:38.663077
1538.0,0.0715,1590.0,1.8,Hyperliquid,2023-10-16 01:01:38.663077
1537.8,288.2014,1596.7,250.0375,Hyperliquid,2023-10-16 01:01:38.663077
1530.0,15.0,1598.7,0.444,Hyperliquid,2023-10-16 01:01:38.663077
1565.7,3.0437,1566.1,5.6664,Hyperliquid,2023-10-16 02:22:46.950480
1565.6,10.6326,1566.2,4.1788,Hyperliquid,2023-10-16 02:22:46.950480
1565.5,0.1505,1566.5,117.484,Hyperliquid,2023-10-16 02:22:46.950480
1565.4,101.1616,1566.6,0.1534,Hyperliquid,2023-10-16 02:22:46.950480
1565.2,98.6727,1566.7,39.4574,Hyperliquid,2023-10-16 02:22:46.950480
1564.9,0.1534,1567.9,41.2752,Hyperliquid,2023-10-16 02:22:46.950480
1563.9,100.0035,1568.0,43.3995,Hyperliquid,2023-10-16 02:22:46.950480
1562.9,55.9206,1570.4,106.9148,Hyperliquid,2023-10-16 02:22:46.950480
1562.5,51.861,1573.7,53.4276,Hyperliquid,2023-10-16 02:22:46.950480
1559.7,56.035,1574.0,0.5323,Hyperliquid,2023-10-16 02:22:46.950480
1559.0,49.2662,1574.9,51.0581,Hyperliquid,2023-10-16 02:22:46.950480
1553.8,264.7703,1578.5,0.076,Hyperliquid,2023-10-16 02:22:46.950480
1551.6,283.7218,1582.5,251.3837,Hyperliquid,2023-10-16 02:22:46.950480
1550.0,2.0,1583.4,247.1828,Hyperliquid,2023-10-16 02:22:46.950480
1546.3,242.9942,1589.6,259.4369,Hyperliquid,2023-10-16 02:22:46.950480
1545.9,243.03,1590.0,1.8,Hyperliquid,2023-10-16 02:22:46.950480
1545.1,0.25,1591.1,258.1287,Hyperliquid,2023-10-16 02:22:46.950480
1542.3,0.2204,1598.7,0.444,Hyperliquid,2023-10-16 02:22:46.950480
1538.0,0.0715,1598.9,0.1486,Hyperliquid,2023-10-16 02:22:46.950480
1531.5,254.3984,1601.4,264.0588,Hyperliquid,2023-10-16 02:22:46.950480
1561.6,0.5688,1562.0,7.721,Hyperliquid,2023-10-16 03:14:31.331938
1561.5,10.2868,1562.1,4.0569,Hyperliquid,2023-10-16 03:14:31.331938
1561.3,108.9473,1562.2,86.8618,Hyperliquid,2023-10-16 03:14:31.331938
1561.2,104.7773,1562.5,75.6914,Hyperliquid,2023-10-16 03:14:31.331938
1560.8,0.1534,1562.6,0.1534,Hyperliquid,2023-10-16 03:14:31.331938
1559.8,108.8204,1563.5,83.2695,Hyperliquid,2023-10-16 03:14:31.331938
1558.5,53.1512,1566.3,96.7939,Hyperliquid,2023-10-16 03:14:31.331938
1558.2,52.5769,1570.2,53.0899,Hyperliquid,2023-10-16 03:14:31.331938
1556.1,54.027,1571.3,46.7426,Hyperliquid,2023-10-16 03:14:31.331938
1555.3,53.8746,1574.0,0.5323,Hyperliquid,2023-10-16 03:14:31.331938
1551.1,259.1077,1578.5,0.076,Hyperliquid,2023-10-16 03:14:31.331938
1550.0,2.0,1579.0,268.212,Hyperliquid,2023-10-16 03:14:31.331938
1549.0,282.3386,1579.9,237.0818,Hyperliquid,2023-10-16 03:14:31.331938
1545.9,243.03,1589.6,259.4369,Hyperliquid,2023-10-16 03:14:31.331938
1545.1,0.25,1590.0,1.8,Hyperliquid,2023-10-16 03:14:31.331938
1542.3,272.8087,1591.1,258.1287,Hyperliquid,2023-10-16 03:14:31.331938
1538.0,0.0715,1598.7,0.444,Hyperliquid,2023-10-16 03:14:31.331938
1535.7,249.4242,1598.9,0.1486,Hyperliquid,2023-10-16 03:14:31.331938
1531.5,254.3984,1601.4,264.0588,Hyperliquid,2023-10-16 03:14:31.331938
1530.0,15.0,1605.4,247.8412,Hyperliquid,2023-10-16 03:14:31.331938
1562.0,25.9583,1562.3,8.2043,Hyperliquid,2023-10-16 04:16:31.999659
1561.9,0.1622,1562.6,82.2645,Hyperliquid,2023-10-16 04:16:31.999659
1561.8,9.5079,1562.7,0.1622,Hyperliquid,2023-10-16 04:16:31.999659
1561.7,111.2775,1562.9,79.1969,Hyperliquid,2023-10-16 04:16:31.999659
1561.5,101.1718,1563.1,0.1534,Hyperliquid,2023-10-16 04:16:31.999659
1561.3,0.1534,1564.4,43.2352,Hyperliquid,2023-10-16 04:16:31.999659
1561.2,0.1085,1564.5,41.0832,Hyperliquid,2023-10-16 04:16:31.999659
1560.6,102.7496,1566.4,101.5845,Hyperliquid,2023-10-16 04:16:31.999659
1559.5,46.9978,1571.3,46.7426,Hyperliquid,2023-10-16 04:16:31.999659
1558.9,53.6859,1572.1,56.4892,Hyperliquid,2023-10-16 04:16:31.999659
1556.6,47.991,1574.0,0.5323,Hyperliquid,2023-10-16 04:16:31.999659
1556.0,48.7124,1578.5,0.076,Hyperliquid,2023-10-16 04:16:31.999659
1550.0,2.0,1579.0,268.212,Hyperliquid,2023-10-16 04:16:31.999659
1549.0,282.3386,1579.9,237.0818,Hyperliquid,2023-10-16 04:16:31.999659
1548.4,245.8535,1589.6,259.4369,Hyperliquid,2023-10-16 04:16:31.999659
1545.9,243.03,1590.0,1.8,Hyperliquid,2023-10-16 04:16:31.999659
1545.1,0.25,1591.1,258.1287,Hyperliquid,2023-10-16 04:16:31.999659
1542.3,272.8087,1598.7,0.444,Hyperliquid,2023-10-16 04:16:31.999659
1538.0,0.0715,1598.9,0.1486,Hyperliquid,2023-10-16 04:16:31.999659
1535.7,249.4242,1601.4,264.0588,Hyperliquid,2023-10-16 04:16:31.999659
1563.9,7.1916,1564.3,8.39,Hyperliquid,2023-10-16 05:13:19.142109
1563.8,10.9253,1564.5,76.6912,Hyperliquid,2023-10-16 05:13:19.142109
1563.7,52.298,1564.8,80.4705,Hyperliquid,2023-10-16 05:13:19.142109
1563.6,52.2699,1564.9,0.1534,Hyperliquid,2023-10-16 05:13:19.142109
1563.4,99.1799,1566.0,37.8578,Hyperliquid,2023-10-16 05:13:19.142109
1563.3,0.1534,1566.2,36.5226,Hyperliquid,2023-10-16 05:13:19.142109
1562.3,100.7968,1568.7,104.8217,Hyperliquid,2023-10-16 05:13:19.142109
1561.2,0.1085,1572.2,52.5916,Hyperliquid,2023-10-16 05:13:19.142109
1560.7,49.9194,1573.4,50.7044,Hyperliquid,2023-10-16 05:13:19.142109
1560.3,52.3336,1574.0,0.5323,Hyperliquid,2023-10-16 05:13:19.142109
1557.7,55.2838,1578.5,0.076,Hyperliquid,2023-10-16 05:13:19.142109
1557.0,57.0344,1579.0,268.212,Hyperliquid,2023-10-16 05:13:19.142109
1551.6,254.5188,1579.9,237.0818,Hyperliquid,2023-10-16 05:13:19.142109
1551.0,280.815,1589.6,259.4369,Hyperliquid,2023-10-16 05:13:19.142109
1550.0,2.0,1590.0,1.8,Hyperliquid,2023-10-16 05:13:19.142109
1545.1,0.25,1591.1,258.1287,Hyperliquid,2023-10-16 05:13:19.142109
1542.3,272.8087,1598.7,0.444,Hyperliquid,2023-10-16 05:13:19.142109
1541.9,284.4766,1598.9,0.1486,Hyperliquid,2023-10-16 05:13:19.142109
1538.0,0.0715,1601.4,264.0588,Hyperliquid,2023-10-16 05:13:19.142109
1531.5,254.3984,1605.4,247.8412,Hyperliquid,2023-10-16 05:13:19.142109
1582.2,0.275,1582.7,3.4478,Hyperliquid,2023-10-16 06:19:12.331137
1582.1,10.9486,1582.8,7.7794,Hyperliquid,2023-10-16 06:19:12.331137
1581.9,197.9917,1582.9,7.7519,Hyperliquid,2023-10-16 06:19:12.331137
1581.6,99.7541,1583.0,81.3286,Hyperliquid,2023-10-16 06:19:12.331137
1580.6,104.2158,1583.2,81.008,Hyperliquid,2023-10-16 06:19:12.331137
1579.5,106.0752,1583.3,73.2033,Hyperliquid,2023-10-16 06:19:12.331137
1576.9,53.7438,1583.6,76.3704,Hyperliquid,2023-10-16 06:19:12.331137
1575.9,51.8115,1585.1,76.6636,Hyperliquid,2023-10-16 06:19:12.331137
1571.6,503.6429,1587.7,100.9399,Hyperliquid,2023-10-16 06:19:12.331137
1563.3,274.0744,1593.0,97.6606,Hyperliquid,2023-10-16 06:19:12.331137
1562.8,254.6254,1598.7,0.444,Hyperliquid,2023-10-16 06:19:12.331137
1561.2,0.1085,1598.9,0.1486,Hyperliquid,2023-10-16 06:19:12.331137
1556.2,250.6652,1603.4,505.6094,Hyperliquid,2023-10-16 06:19:12.331137
1551.7,240.1912,1609.6,233.7541,Hyperliquid,2023-10-16 06:19:12.331137
1550.0,2.0,1610.3,240.8585,Hyperliquid,2023-10-16 06:19:12.331137
1545.1,0.25,1630.0,0.7749,Hyperliquid,2023-10-16 06:19:12.331137
1538.0,0.0715,1630.1,150.7082,Hyperliquid,2023-10-16 06:19:12.331137
1530.0,15.0,1635.7,248.1887,Hyperliquid,2023-10-16 06:19:12.331137
1522.5,16.6282,1659.0,0.2896,Hyperliquid,2023-10-16 06:19:12.331137
1512.0,0.8,1660.0,0.3047,Hyperliquid,2023-10-16 06:19:12.331137
1578.0,0.2319,1578.5,7.2866,Hyperliquid,2023-10-16 07:13:15.265785
1577.9,11.3001,1578.8,81.7535,Hyperliquid,2023-10-16 07:13:15.265785
1577.8,4.7425,1579.0,76.6689,Hyperliquid,2023-10-16 07:13:15.265785
1577.7,203.1433,1579.1,35.3112,Hyperliquid,2023-10-16 07:13:15.265785
1576.9,96.4584,1579.3,77.1858,Hyperliquid,2023-10-16 07:13:15.265785
1576.4,101.6444,1581.0,80.1934,Hyperliquid,2023-10-16 07:13:15.265785
1575.1,103.9256,1583.8,109.9455,Hyperliquid,2023-10-16 07:13:15.265785
1572.2,55.318,1586.9,104.6146,Hyperliquid,2023-10-16 07:13:15.265785
1571.8,48.6977,1595.9,504.3345,Hyperliquid,2023-10-16 07:13:15.265785
1565.9,532.5875,1598.7,0.444,Hyperliquid,2023-10-16 07:13:15.265785
1561.2,0.1085,1598.9,0.1486,Hyperliquid,2023-10-16 07:13:15.265785
1559.3,271.2324,1604.8,232.8417,Hyperliquid,2023-10-16 07:13:15.265785
1558.8,262.7556,1609.6,233.7541,Hyperliquid,2023-10-16 07:13:15.265785
1551.7,240.1912,1626.7,243.6352,Hyperliquid,2023-10-16 07:13:15.265785
1550.0,2.0,1630.0,0.7749,Hyperliquid,2023-10-16 07:13:15.265785
1549.6,260.3092,1630.1,150.7082,Hyperliquid,2023-10-16 07:13:15.265785
1545.1,0.25,1659.0,0.2896,Hyperliquid,2023-10-16 07:13:15.265785
1538.0,0.0715,1660.0,0.3047,Hyperliquid,2023-10-16 07:13:15.265785
1530.0,15.0,1661.0,0.9294,Hyperliquid,2023-10-16 07:13:15.265785
1522.5,16.6282,1665.5,0.1482,Hyperliquid,2023-10-16 07:13:15.265785
1583.2,1.7939,1583.6,0.7773,Hyperliquid,2023-10-16 08:18:29.088583
1583.1,10.7677,1583.7,3.6284,Hyperliquid,2023-10-16 08:18:29.088583
1582.9,98.397,1583.8,3.4522,Hyperliquid,2023-10-16 08:18:29.088583
1582.7,103.7557,1583.9,37.4216,Hyperliquid,2023-10-16 08:18:29.088583
1581.5,46.8991,1584.0,35.7972,Hyperliquid,2023-10-16 08:18:29.088583
1581.3,50.6662,1584.1,37.7526,Hyperliquid,2023-10-16 08:18:29.088583
1579.8,48.5592,1584.3,34.7385,Hyperliquid,2023-10-16 08:18:29.088583
1579.7,54.3936,1585.7,74.9515,Hyperliquid,2023-10-16 08:18:29.088583
1576.3,53.786,1587.9,104.0194,Hyperliquid,2023-10-16 08:18:29.088583
1576.2,51.1471,1591.2,51.8568,Hyperliquid,2023-10-16 08:18:29.088583
1568.5,244.597,1591.3,52.9971,Hyperliquid,2023-10-16 08:18:29.088583
1568.4,283.1285,1598.7,0.444,Hyperliquid,2023-10-16 08:18:29.088583
1563.3,270.5837,1598.9,0.1486,Hyperliquid,2023-10-16 08:18:29.088583
1562.7,235.641,1599.6,473.5799,Hyperliquid,2023-10-16 08:18:29.088583
1561.2,0.1085,1609.6,233.7541,Hyperliquid,2023-10-16 08:18:29.088583
1551.7,240.1912,1610.4,268.3368,Hyperliquid,2023-10-16 08:18:29.088583
1550.0,2.0,1626.7,243.6352,Hyperliquid,2023-10-16 08:18:29.088583
1549.6,260.3092,1630.0,0.7749,Hyperliquid,2023-10-16 08:18:29.088583
1545.1,0.25,1630.1,150.7082,Hyperliquid,2023-10-16 08:18:29.088583
1538.0,0.0715,1659.0,0.2896,Hyperliquid,2023-10-16 08:18:29.088583
1576.8,0.8276,1577.4,7.7506,Hyperliquid,2023-10-16 09:14:56.714793
1576.7,10.4458,1577.6,6.3199,Hyperliquid,2023-10-16 09:14:56.714793
1576.4,112.1717,1577.7,76.883,Hyperliquid,2023-10-16 09:14:56.714793
1576.3,95.795,1578.0,39.2282,Hyperliquid,2023-10-16 09:14:56.714793
1576.2,0.1534,1578.1,34.7125,Hyperliquid,2023-10-16 09:14:56.714793
1575.3,105.2945,1579.7,41.5888,Hyperliquid,2023-10-16 09:14:56.714793
1573.9,103.3579,1580.0,36.8977,Hyperliquid,2023-10-16 09:14:56.714793
1570.0,51.2646,1582.0,102.4221,Hyperliquid,2023-10-16 09:14:56.714793
1569.6,53.2477,1585.6,97.8814,Hyperliquid,2023-10-16 09:14:56.714793
1563.1,265.0958,1596.0,276.9696,Hyperliquid,2023-10-16 09:14:56.714793
1562.1,262.4915,1596.1,260.3606,Hyperliquid,2023-10-16 09:14:56.714793
1561.2,0.1085,1598.7,0.444,Hyperliquid,2023-10-16 09:14:56.714793
1559.0,241.3576,1598.9,0.1486,Hyperliquid,2023-10-16 09:14:56.714793
1558.7,254.3507,1604.2,250.1758,Hyperliquid,2023-10-16 09:14:56.714793
1550.0,2.0,1605.0,236.2424,Hyperliquid,2023-10-16 09:14:56.714793
1549.6,260.3092,1621.2,231.9973,Hyperliquid,2023-10-16 09:14:56.714793
1545.1,240.2129,1626.7,243.6352,Hyperliquid,2023-10-16 09:14:56.714793
1538.0,0.0715,1630.0,0.7749,Hyperliquid,2023-10-16 09:14:56.714793
1530.0,15.0,1659.0,0.2896,Hyperliquid,2023-10-16 09:14:56.714793
1522.5,16.6282,1660.0,0.3047,Hyperliquid,2023-10-16 09:14:56.714793
1582.7,0.0586,1583.1,1.2426,Hyperliquid,2023-10-16 10:15:26.038444
1582.6,10.1551,1583.2,7.3537,Hyperliquid,2023-10-16 10:15:26.038444
1582.5,97.7916,1583.3,77.0552,Hyperliquid,2023-10-16 10:15:26.038444
1582.2,107.0552,1583.5,0.1534,Hyperliquid,2023-10-16 10:15:26.038444
1581.9,0.1534,1583.6,71.9556,Hyperliquid,2023-10-16 10:15:26.038444
1581.0,53.0101,1585.2,75.6937,Hyperliquid,2023-10-16 10:15:26.038444
1580.9,50.4398,1588.1,52.0064,Hyperliquid,2023-10-16 10:15:26.038444
1579.5,109.6928,1588.2,54.9378,Hyperliquid,2023-10-16 10:15:26.038444
1576.8,53.3281,1591.9,101.1133,Hyperliquid,2023-10-16 10:15:26.038444
1576.4,55.0132,1598.7,0.444,Hyperliquid,2023-10-16 10:15:26.038444
1571.1,264.8963,1598.9,0.1486,Hyperliquid,2023-10-16 10:15:26.038444
1569.9,262.8142,1599.8,242.7904,Hyperliquid,2023-10-16 10:15:26.038444
1563.2,272.2205,1603.5,233.6858,Hyperliquid,2023-10-16 10:15:26.038444
1562.6,235.6933,1609.8,239.0008,Hyperliquid,2023-10-16 10:15:26.038444
1561.2,0.1085,1610.6,258.1548,Hyperliquid,2023-10-16 10:15:26.038444
1551.8,242.7961,1621.2,231.9973,Hyperliquid,2023-10-16 10:15:26.038444
1550.0,2.0,1626.7,243.6352,Hyperliquid,2023-10-16 10:15:26.038444
1549.6,260.3092,1630.0,0.7749,Hyperliquid,2023-10-16 10:15:26.038444
1545.1,0.25,1659.0,0.2896,Hyperliquid,2023-10-16 10:15:26.038444
1538.0,0.0715,1660.0,0.3047,Hyperliquid,2023-10-16 10:15:26.038444
1585.0,0.5102,1585.3,0.275,Hyperliquid,2023-10-16 11:12:06.339142
1584.9,1.9379,1585.4,7.2608,Hyperliquid,2023-10-16 11:12:06.339142
1584.8,9.8113,1585.5,80.4812,Hyperliquid,2023-10-16 11:12:06.339142
1584.6,100.9255,1585.7,72.6647,Hyperliquid,2023-10-16 11:12:06.339142
1584.5,0.1534,1585.9,0.1534,Hyperliquid,2023-10-16 11:12:06.339142
1584.3,108.1472,1587.3,77.2317,Hyperliquid,2023-10-16 11:12:06.339142
1583.4,54.948,1590.2,102.6051,Hyperliquid,2023-10-16 11:12:06.339142
1583.1,55.9768,1594.0,100.7889,Hyperliquid,2023-10-16 11:12:06.339142
1581.5,106.264,1598.7,0.444,Hyperliquid,2023-10-16 11:12:06.339142
1579.2,54.4713,1598.9,0.1486,Hyperliquid,2023-10-16 11:12:06.339142
1577.9,49.3785,1603.6,539.1762,Hyperliquid,2023-10-16 11:12:06.339142
1573.9,249.8797,1610.6,258.1548,Hyperliquid,2023-10-16 11:12:06.339142
1572.5,283.0995,1615.9,252.4525,Hyperliquid,2023-10-16 11:12:06.339142
1567.5,253.8042,1626.7,243.6352,Hyperliquid,2023-10-16 11:12:06.339142
1566.5,276.058,1630.0,0.7749,Hyperliquid,2023-10-16 11:12:06.339142
1561.2,0.1085,1630.2,248.0566,Hyperliquid,2023-10-16 11:12:06.339142
1551.8,242.7961,1659.0,0.2896,Hyperliquid,2023-10-16 11:12:06.339142
1550.0,2.0,1660.0,0.3047,Hyperliquid,2023-10-16 11:12:06.339142
1549.6,260.3092,1661.0,0.9294,Hyperliquid,2023-10-16 11:12:06.339142
1545.1,0.25,1665.5,0.1482,Hyperliquid,2023-10-16 11:12:06.339142
1584.1,0.0535,1584.4,4.5757,Hyperliquid,2023-10-16 12:28:02.886755
1584.0,0.1283,1584.5,3.5955,Hyperliquid,2023-10-16 12:28:02.886755
1583.7,5.066,1584.6,3.5157,Hyperliquid,2023-10-16 12:28:02.886755
1583.6,4.9584,1584.9,41.1292,Hyperliquid,2023-10-16 12:28:02.886755
1583.5,10.4488,1585.0,39.1484,Hyperliquid,2023-10-16 12:28:02.886755
1583.3,54.594,1585.3,38.8967,Hyperliquid,2023-10-16 12:28:02.886755
1583.2,55.3567,1585.4,33.8457,Hyperliquid,2023-10-16 12:28:02.886755
1583.1,101.6003,1586.9,36.8023,Hyperliquid,2023-10-16 12:28:02.886755
1582.1,51.4134,1587.1,36.8965,Hyperliquid,2023-10-16 12:28:02.886755
1581.8,49.3695,1589.6,101.4743,Hyperliquid,2023-10-16 12:28:02.886755
1580.5,48.4744,1593.9,105.1496,Hyperliquid,2023-10-16 12:28:02.886755
1580.4,49.7287,1598.7,0.444,Hyperliquid,2023-10-16 12:28:02.886755
1577.4,48.0504,1598.9,0.1486,Hyperliquid,2023-10-16 12:28:02.886755
1577.2,46.4595,1600.0,247.2928,Hyperliquid,2023-10-16 12:28:02.886755
1570.8,277.6017,1604.0,265.8942,Hyperliquid,2023-10-16 12:28:02.886755
1569.8,260.9382,1610.6,495.9753,Hyperliquid,2023-10-16 12:28:02.886755
1563.4,254.8612,1626.7,243.6352,Hyperliquid,2023-10-16 12:28:02.886755
1562.4,271.5435,1630.0,0.7749,Hyperliquid,2023-10-16 12:28:02.886755
1561.2,0.1085,1630.2,248.0566,Hyperliquid,2023-10-16 12:28:02.886755
1551.8,242.7961,1659.0,0.2896,Hyperliquid,2023-10-16 12:28:02.886755
1584.1,1.8081,1584.4,0.1673,Hyperliquid,2023-10-16 13:18:26.210597
1584.0,9.9845,1584.5,7.2987,Hyperliquid,2023-10-16 13:18:26.210597
1583.8,50.9668,1584.9,72.5094,Hyperliquid,2023-10-16 13:18:26.210597
1583.7,46.89,1585.0,0.1534,Hyperliquid,2023-10-16 13:18:26.210597
1583.5,0.1534,1585.2,37.5657,Hyperliquid,2023-10-16 13:18:26.210597
1583.4,102.0366,1585.3,40.6903,Hyperliquid,2023-10-16 13:18:26.210597
1582.4,53.0716,1586.6,35.2975,Hyperliquid,2023-10-16 13:18:26.210597
1582.0,51.8961,1586.9,34.9494,Hyperliquid,2023-10-16 13:18:26.210597
1580.3,102.7856,1588.9,54.3285,Hyperliquid,2023-10-16 13:18:26.210597
1577.2,105.7651,1589.3,46.2884,Hyperliquid,2023-10-16 13:18:26.210597
1572.2,249.4237,1594.3,47.6665,Hyperliquid,2023-10-16 13:18:26.210597
1570.7,263.4054,1594.6,47.8662,Hyperliquid,2023-10-16 13:18:26.210597
1567.4,271.5986,1598.7,0.444,Hyperliquid,2023-10-16 13:18:26.210597
1566.3,269.4237,1598.9,0.1486,Hyperliquid,2023-10-16 13:18:26.210597
1561.2,0.1085,1603.9,253.2639,Hyperliquid,2023-10-16 13:18:26.210597
1556.2,267.1228,1604.0,265.8942,Hyperliquid,2023-10-16 13:18:26.210597
1551.8,242.7961,1616.0,1.4571,Hyperliquid,2023-10-16 13:18:26.210597
1550.0,2.0,1616.3,493.3214,Hyperliquid,2023-10-16 13:18:26.210597
1538.0,0.0715,1623.0,3.3662,Hyperliquid,2023-10-16 13:18:26.210597
1530.0,15.0,1626.7,243.6352,Hyperliquid,2023-10-16 13:18:26.210597
1584.4,9.9704,1585.0,4.1053,Hyperliquid,2023-10-16 15:14:37.518771
1584.3,3.3652,1585.1,4.2657,Hyperliquid,2023-10-16 15:14:37.518771
1584.2,104.2337,1585.4,79.1229,Hyperliquid,2023-10-16 15:14:37.518771
1584.0,109.1145,1585.5,0.1534,Hyperliquid,2023-10-16 15:14:37.518771
1583.8,0.1534,1585.7,85.0769,Hyperliquid,2023-10-16 15:14:37.518771
1583.1,98.088,1587.5,82.9636,Hyperliquid,2023-10-16 15:14:37.518771
1581.3,108.3587,1589.4,106.6613,Hyperliquid,2023-10-16 15:14:37.518771
1577.1,99.9303,1593.3,54.3649,Hyperliquid,2023-10-16 15:14:37.518771
1571.9,251.4814,1593.5,52.5573,Hyperliquid,2023-10-16 15:14:37.518771
1569.3,253.2057,1601.1,276.9377,Hyperliquid,2023-10-16 15:14:37.518771
1566.0,232.0505,1604.0,247.6219,Hyperliquid,2023-10-16 15:14:37.518771
1565.6,268.7522,1612.6,259.6256,Hyperliquid,2023-10-16 15:14:37.518771
1561.2,0.1085,1613.1,251.9794,Hyperliquid,2023-10-16 15:14:37.518771
1556.0,271.4073,1628.4,192.7402,Hyperliquid,2023-10-16 15:14:37.518771
1552.2,249.8203,1628.6,0.9165,Hyperliquid,2023-10-16 15:14:37.518771
1550.0,2.0,1634.4,248.5896,Hyperliquid,2023-10-16 15:14:37.518771
1538.0,0.0715,1659.0,0.2896,Hyperliquid,2023-10-16 15:14:37.518771
1530.0,15.0,1660.0,0.3047,Hyperliquid,2023-10-16 15:14:37.518771
1522.5,16.6282,1661.0,0.9294,Hyperliquid,2023-10-16 15:14:37.518771
1512.0,0.8,1665.5,0.1482,Hyperliquid,2023-10-16 15:14:37.518771
1579.8,3.1535,1580.3,4.2342,Hyperliquid,2023-10-16 16:18:42.928190
1579.7,10.801,1580.4,4.3033,Hyperliquid,2023-10-16 16:18:42.928190
1579.6,102.4135,1580.6,3.4338,Hyperliquid,2023-10-16 16:18:42.928190
1579.4,0.1534,1580.7,80.9282,Hyperliquid,2023-10-16 16:18:42.928190
1579.3,100.0074,1581.0,43.9874,Hyperliquid,2023-10-16 16:18:42.928190
1578.2,49.0972,1581.1,43.9327,Hyperliquid,2023-10-16 16:18:42.928190
1578.1,54.3718,1582.5,45.7102,Hyperliquid,2023-10-16 16:18:42.928190
1576.2,104.0166,1582.6,43.9186,Hyperliquid,2023-10-16 16:18:42.928190
1572.7,96.9196,1584.2,95.1831,Hyperliquid,2023-10-16 16:18:42.928190
1566.4,276.0145,1588.2,109.3065,Hyperliquid,2023-10-16 16:18:42.928190
1566.3,275.0332,1594.2,267.9338,Hyperliquid,2023-10-16 16:18:42.928190
1561.3,264.1338,1596.9,267.5243,Hyperliquid,2023-10-16 16:18:42.928190
1561.2,0.1085,1602.2,261.597,Hyperliquid,2023-10-16 16:18:42.928190
1557.8,264.8142,1602.6,251.3984,Hyperliquid,2023-10-16 16:18:42.928190
1550.0,2.0,1619.9,256.8114,Hyperliquid,2023-10-16 16:18:42.928190
1549.4,265.1947,1625.8,246.176,Hyperliquid,2023-10-16 16:18:42.928190
1545.6,236.8911,1628.6,0.9165,Hyperliquid,2023-10-16 16:18:42.928190
1538.0,0.0715,1659.0,0.2896,Hyperliquid,2023-10-16 16:18:42.928190
1530.0,15.0,1660.0,0.3047,Hyperliquid,2023-10-16 16:18:42.928190
1522.5,16.6282,1661.0,0.9294,Hyperliquid,2023-10-16 16:18:42.928190
1581.4,1.496,1582.0,10.7398,Hyperliquid,2023-10-16 17:12:42.466827
1581.3,9.8138,1582.1,85.8512,Hyperliquid,2023-10-16 17:12:42.466827
1581.1,107.403,1582.4,84.7836,Hyperliquid,2023-10-16 17:12:42.466827
1581.0,0.1534,1582.6,0.1534,Hyperliquid,2023-10-16 17:12:42.466827
1580.9,50.0894,1584.0,39.2929,Hyperliquid,2023-10-16 17:12:42.466827
1580.8,50.1607,1584.1,38.1397,Hyperliquid,2023-10-16 17:12:42.466827
1580.7,55.0017,1586.1,49.2712,Hyperliquid,2023-10-16 17:12:42.466827
1580.0,104.4021,1586.4,51.6599,Hyperliquid,2023-10-16 17:12:42.466827
1578.2,48.1281,1589.4,51.9352,Hyperliquid,2023-10-16 17:12:42.466827
1577.7,55.1124,1590.2,49.1449,Hyperliquid,2023-10-16 17:12:42.466827
1574.2,101.8011,1597.0,237.8367,Hyperliquid,2023-10-16 17:12:42.466827
1566.3,255.8822,1597.7,237.5222,Hyperliquid,2023-10-16 17:12:42.466827
1566.1,278.917,1602.2,261.597,Hyperliquid,2023-10-16 17:12:42.466827
1561.9,282.9324,1602.6,251.3984,Hyperliquid,2023-10-16 17:12:42.466827
1561.2,0.1085,1617.5,257.381,Hyperliquid,2023-10-16 17:12:42.466827
1561.1,261.0854,1619.9,256.8114,Hyperliquid,2023-10-16 17:12:42.466827
1550.0,2.0,1628.6,0.9165,Hyperliquid,2023-10-16 17:12:42.466827
1549.4,265.1947,1659.0,0.2896,Hyperliquid,2023-10-16 17:12:42.466827
1545.6,236.8911,1660.0,0.3047,Hyperliquid,2023-10-16 17:12:42.466827
1538.0,0.0715,1661.0,0.9294,Hyperliquid,2023-10-16 17:12:42.466827
1582.7,1.6439,1583.2,8.202,Hyperliquid,2023-10-16 18:18:54.622518
1582.6,10.2567,1583.3,2.9136,Hyperliquid,2023-10-16 18:18:54.622518
1582.5,11.0571,1583.4,76.1885,Hyperliquid,2023-10-16 18:18:54.622518
1582.3,106.4775,1583.6,79.4225,Hyperliquid,2023-10-16 18:18:54.622518
1582.0,108.0248,1584.9,88.0647,Hyperliquid,2023-10-16 18:18:54.622518
1581.9,0.1534,1587.8,103.272,Hyperliquid,2023-10-16 18:18:54.622518
1580.8,102.7562,1591.3,55.4598,Hyperliquid,2023-10-16 18:18:54.622518
1579.2,53.6457,1592.1,51.5836,Hyperliquid,2023-10-16 18:18:54.622518
1578.8,54.33,1600.6,273.0958,Hyperliquid,2023-10-16 18:18:54.622518
1575.2,49.7027,1601.5,256.9738,Hyperliquid,2023-10-16 18:18:54.622518
1575.0,48.0712,1607.4,269.2779,Hyperliquid,2023-10-16 18:18:54.622518
1571.3,236.5809,1608.7,272.5654,Hyperliquid,2023-10-16 18:18:54.622518
1568.9,264.7889,1619.9,256.8114,Hyperliquid,2023-10-16 18:18:54.622518
1566.2,271.2192,1626.0,238.1643,Hyperliquid,2023-10-16 18:18:54.622518
1565.0,276.4968,1628.6,0.9165,Hyperliquid,2023-10-16 18:18:54.622518
1561.2,0.1085,1659.0,0.2896,Hyperliquid,2023-10-16 18:18:54.622518
1560.0,2.1415,1660.0,0.3047,Hyperliquid,2023-10-16 18:18:54.622518
1552.1,279.3803,1661.0,0.9294,Hyperliquid,2023-10-16 18:18:54.622518
1550.0,2.0,1665.5,0.1482,Hyperliquid,2023-10-16 18:18:54.622518
1549.2,244.1679,1674.5,1.0,Hyperliquid,2023-10-16 18:18:54.622518
1599.0,9.7088,1599.8,8.1482,Hyperliquid,2023-10-16 19:11:46.858833
1598.9,9.5207,1599.9,39.0877,Hyperliquid,2023-10-16 19:11:46.858833
1598.8,11.9499,1600.0,35.8725,Hyperliquid,2023-10-16 19:11:46.858833
1598.7,120.112,1600.2,42.289,Hyperliquid,2023-10-16 19:11:46.858833
1598.5,144.0767,1600.3,36.3526,Hyperliquid,2023-10-16 19:11:46.858833
1598.4,54.921,1600.4,78.3265,Hyperliquid,2023-10-16 19:11:46.858833
1598.2,101.3606,1602.1,78.3671,Hyperliquid,2023-10-16 19:11:46.858833
1596.8,107.3181,1604.3,96.9158,Hyperliquid,2023-10-16 19:11:46.858833
1595.5,94.6381,1608.8,48.242,Hyperliquid,2023-10-16 19:11:46.858833
1592.2,49.921,1609.2,47.0931,Hyperliquid,2023-10-16 19:11:46.858833
1591.4,46.2597,1616.6,269.569,Hyperliquid,2023-10-16 19:11:46.858833
1585.2,481.1352,1616.9,259.4716,Hyperliquid,2023-10-16 19:11:46.858833
1578.7,252.1542,1625.6,252.7851,Hyperliquid,2023-10-16 19:11:46.858833
1577.3,282.228,1628.6,0.9165,Hyperliquid,2023-10-16 19:11:46.858833
1565.9,249.5115,1629.9,226.3545,Hyperliquid,2023-10-16 19:11:46.858833
1562.7,263.2848,1643.7,217.8221,Hyperliquid,2023-10-16 19:11:46.858833
1561.2,0.1085,1647.6,231.7699,Hyperliquid,2023-10-16 19:11:46.858833
1560.0,2.1415,1659.0,0.2896,Hyperliquid,2023-10-16 19:11:46.858833
1552.9,1.1494,1660.0,0.3047,Hyperliquid,2023-10-16 19:11:46.858833
1550.0,2.0,1661.0,0.9294,Hyperliquid,2023-10-16 19:11:46.858833
1592.6,9.8525,1593.1,4.4377,Hyperliquid,2023-10-16 20:15:15.702735
1592.4,1.5047,1593.2,8.6738,Hyperliquid,2023-10-16 20:15:15.702735
1592.3,100.2418,1593.5,85.0341,Hyperliquid,2023-10-16 20:15:15.702735
1592.2,100.4588,1593.6,87.9088,Hyperliquid,2023-10-16 20:15:15.702735
1591.7,0.1534,1594.8,42.9998,Hyperliquid,2023-10-16 20:15:15.702735
1591.0,100.5993,1594.9,38.8661,Hyperliquid,2023-10-16 20:15:15.702735
1589.0,101.4327,1597.3,104.5683,Hyperliquid,2023-10-16 20:15:15.702735
1585.8,47.4043,1600.0,51.008,Hyperliquid,2023-10-16 20:15:15.702735
1585.7,49.5411,1600.1,50.042,Hyperliquid,2023-10-16 20:15:15.702735
1579.1,493.0269,1609.5,248.4157,Hyperliquid,2023-10-16 20:15:15.702735
1572.9,265.7079,1609.8,249.3626,Hyperliquid,2023-10-16 20:15:15.702735
1569.8,277.1691,1614.0,241.2018,Hyperliquid,2023-10-16 20:15:15.702735
1561.2,0.1085,1615.2,269.6269,Hyperliquid,2023-10-16 20:15:15.702735
1560.0,2.1415,1628.6,0.9165,Hyperliquid,2023-10-16 20:15:15.702735
1559.2,253.1925,1630.3,261.3165,Hyperliquid,2023-10-16 20:15:15.702735
1556.0,257.2091,1635.2,261.3676,Hyperliquid,2023-10-16 20:15:15.702735
1552.9,1.1494,1659.0,0.2896,Hyperliquid,2023-10-16 20:15:15.702735
1550.0,2.0,1660.0,0.3047,Hyperliquid,2023-10-16 20:15:15.702735
1538.0,0.0715,1661.0,0.9294,Hyperliquid,2023-10-16 20:15:15.702735
1530.0,15.0,1665.5,0.1482,Hyperliquid,2023-10-16 20:15:15.702735
1579.2,9.7098,1579.8,9.5128,Hyperliquid,2023-10-16 21:12:38.825749
1579.1,10.2475,1580.0,94.254,Hyperliquid,2023-10-16 21:12:38.825749
1578.9,104.7276,1580.2,0.1534,Hyperliquid,2023-10-16 21:12:38.825749
1578.7,99.806,1580.3,94.4314,Hyperliquid,2023-10-16 21:12:38.825749
1578.5,106.6159,1580.4,96.7379,Hyperliquid,2023-10-16 21:12:38.825749
1577.3,50.1177,1581.5,8.3107,Hyperliquid,2023-10-16 21:12:38.825749
1577.2,46.8924,1581.6,49.1793,Hyperliquid,2023-10-16 21:12:38.825749
1575.7,52.4166,1582.1,45.8525,Hyperliquid,2023-10-16 21:12:38.825749
1575.4,49.3777,1584.5,106.5586,Hyperliquid,2023-10-16 21:12:38.825749
1575.0,1.2224,1588.0,103.7489,Hyperliquid,2023-10-16 21:12:38.825749
1573.0,55.1712,1593.6,241.8458,Hyperliquid,2023-10-16 21:12:38.825749
1571.7,51.289,1596.5,255.4525,Hyperliquid,2023-10-16 21:12:38.825749
1565.1,264.9841,1601.3,254.7671,Hyperliquid,2023-10-16 21:12:38.825749
1564.3,250.925,1604.8,249.8634,Hyperliquid,2023-10-16 21:12:38.825749
1561.2,0.1085,1619.4,264.4971,Hyperliquid,2023-10-16 21:12:38.825749
1560.0,2.1415,1622.7,267.1644,Hyperliquid,2023-10-16 21:12:38.825749
1558.9,260.4841,1628.6,0.9165,Hyperliquid,2023-10-16 21:12:38.825749
1558.0,235.0179,1659.0,0.2896,Hyperliquid,2023-10-16 21:12:38.825749
1552.9,1.1494,1660.0,0.3047,Hyperliquid,2023-10-16 21:12:38.825749
1550.0,2.0,1661.0,0.9294,Hyperliquid,2023-10-16 21:12:38.825749
1591.6,9.8823,1592.1,8.7194,Hyperliquid,2023-10-16 22:13:00.745468
1591.4,99.5597,1592.2,89.0699,Hyperliquid,2023-10-16 22:13:00.745468
1591.3,0.1425,1592.4,41.8001,Hyperliquid,2023-10-16 22:13:00.745468
1591.1,96.3699,1592.5,0.1534,Hyperliquid,2023-10-16 22:13:00.745468
1589.9,105.5042,1592.6,40.2748,Hyperliquid,2023-10-16 22:13:00.745468
1588.6,52.4971,1593.6,8.3773,Hyperliquid,2023-10-16 22:13:00.745468
1588.4,51.566,1593.7,93.1833,Hyperliquid,2023-10-16 22:13:00.745468
1584.4,102.1123,1595.6,55.3603,Hyperliquid,2023-10-16 22:13:00.745468
1578.7,279.2706,1596.3,54.9666,Hyperliquid,2023-10-16 22:13:00.745468
1577.8,237.3047,1599.4,101.5681,Hyperliquid,2023-10-16 22:13:00.745468
1575.0,1.2224,1600.0,1.3,Hyperliquid,2023-10-16 22:13:00.745468
1571.1,261.1657,1606.5,275.0241,Hyperliquid,2023-10-16 22:13:00.745468
1570.0,247.2118,1607.2,259.4797,Hyperliquid,2023-10-16 22:13:00.745468
1561.2,0.1085,1615.0,251.5757,Hyperliquid,2023-10-16 22:13:00.745468
1560.0,2.1415,1615.8,272.8861,Hyperliquid,2023-10-16 22:13:00.745468
1558.9,272.1704,1627.2,251.7098,Hyperliquid,2023-10-16 22:13:00.745468
1554.2,254.2885,1628.6,0.9165,Hyperliquid,2023-10-16 22:13:00.745468
1552.9,1.1494,1630.7,270.5285,Hyperliquid,2023-10-16 22:13:00.745468
1550.0,2.0,1659.0,0.2896,Hyperliquid,2023-10-16 22:13:00.745468
1538.0,0.0715,1660.0,0.3047,Hyperliquid,2023-10-16 22:13:00.745468
1603.1,10.1066,1603.7,9.3244,Hyperliquid,2023-10-16 23:13:39.268009
1603.0,97.3943,1603.8,0.405,Hyperliquid,2023-10-16 23:13:39.268009
1602.8,49.3801,1604.0,91.165,Hyperliquid,2023-10-16 23:13:39.268009
1602.7,50.1351,1604.2,7.3891,Hyperliquid,2023-10-16 23:13:39.268009
1601.7,105.1645,1604.3,87.141,Hyperliquid,2023-10-16 23:13:39.268009
1600.4,95.1663,1604.7,0.1534,Hyperliquid,2023-10-16 23:13:39.268009
1596.7,105.2047,1605.7,87.1886,Hyperliquid,2023-10-16 23:13:39.268009
1590.6,258.2598,1607.8,98.8512,Hyperliquid,2023-10-16 23:13:39.268009
1588.9,233.1524,1610.7,48.4604,Hyperliquid,2023-10-16 23:13:39.268009
1584.2,242.7634,1610.9,50.9689,Hyperliquid,2023-10-16 23:13:39.268009
1582.1,268.9648,1616.9,268.9071,Hyperliquid,2023-10-16 23:13:39.268009
1575.0,1.2224,1617.5,233.1227,Hyperliquid,2023-10-16 23:13:39.268009
1567.4,280.7111,1625.2,228.5736,Hyperliquid,2023-10-16 23:13:39.268009
1565.4,237.5391,1625.7,273.867,Hyperliquid,2023-10-16 23:13:39.268009
1561.2,0.1085,1628.6,0.9165,Hyperliquid,2023-10-16 23:13:39.268009
1560.0,2.1415,1638.9,266.9887,Hyperliquid,2023-10-16 23:13:39.268009
1552.9,1.1494,1643.7,263.1261,Hyperliquid,2023-10-16 23:13:39.268009
1550.0,2.0,1648.0,1.0,Hyperliquid,2023-10-16 23:13:39.268009
1538.0,0.0715,1659.0,0.2896,Hyperliquid,2023-10-16 23:13:39.268009
1530.0,15.0,1660.0,0.3047,Hyperliquid,2023-10-16 23:13:39.268009
1591.8,5.1065,1592.3,9.2455,Hyperliquid,2023-10-17 01:00:52.835983
1591.7,5.0713,1592.5,88.0941,Hyperliquid,2023-10-17 01:00:52.835983
1591.6,52.8807,1592.6,0.1534,Hyperliquid,2023-10-17 01:00:52.835983
1591.5,51.1462,1592.8,6.8614,Hyperliquid,2023-10-17 01:00:52.835983
1591.4,98.2903,1592.9,92.4769,Hyperliquid,2023-10-17 01:00:52.835983
1591.0,0.1534,1594.4,90.9031,Hyperliquid,2023-10-17 01:00:52.835983
1590.4,106.2165,1596.1,104.8793,Hyperliquid,2023-10-17 01:00:52.835983
1589.0,50.4183,1599.1,107.2061,Hyperliquid,2023-10-17 01:00:52.835983
1588.4,51.6323,1607.2,253.2458,Hyperliquid,2023-10-17 01:00:52.835983
1585.2,96.2673,1608.0,263.516,Hyperliquid,2023-10-17 01:00:52.835983
1580.2,268.7991,1615.8,253.6151,Hyperliquid,2023-10-17 01:00:52.835983
1579.2,259.5712,1616.2,270.3747,Hyperliquid,2023-10-17 01:00:52.835983
1576.0,0.1,1628.6,0.9165,Hyperliquid,2023-10-17 01:00:52.835983
1575.0,1.3224,1631.1,255.3871,Hyperliquid,2023-10-17 01:00:52.835983
1574.0,0.1,1635.9,224.9618,Hyperliquid,2023-10-17 01:00:52.835983
1573.7,276.5085,1648.0,1.0,Hyperliquid,2023-10-17 01:00:52.835983
1573.0,0.1,1659.0,0.2896,Hyperliquid,2023-10-17 01:00:52.835983
1571.5,255.2611,1660.0,0.3047,Hyperliquid,2023-10-17 01:00:52.835983
1570.0,0.15,1661.0,0.9294,Hyperliquid,2023-10-17 01:00:52.835983
1566.0,0.1,1665.5,0.1482,Hyperliquid,2023-10-17 01:00:52.835983
1591.2,10.4085,1591.5,0.0099,Hyperliquid,2023-10-17 02:21:22.957338
1591.0,110.78,1591.6,9.4097,Hyperliquid,2023-10-17 02:21:22.957338
1590.8,103.306,1591.7,41.1555,Hyperliquid,2023-10-17 02:21:22.957338
1589.4,101.4606,1591.9,128.1935,Hyperliquid,2023-10-17 02:21:22.957338
1588.4,53.3676,1592.3,1.2229,Hyperliquid,2023-10-17 02:21:22.957338
1587.8,51.8771,1592.4,0.1534,Hyperliquid,2023-10-17 02:21:22.957338
1585.0,0.05,1593.2,42.3286,Hyperliquid,2023-10-17 02:21:22.957338
1584.6,99.5893,1593.3,41.9984,Hyperliquid,2023-10-17 02:21:22.957338
1582.0,0.05,1595.2,106.8486,Hyperliquid,2023-10-17 02:21:22.957338
1580.1,247.9684,1599.0,50.6934,Hyperliquid,2023-10-17 02:21:22.957338
1580.0,0.05,1599.1,47.9653,Hyperliquid,2023-10-17 02:21:22.957338
1579.2,240.799,1607.5,250.2065,Hyperliquid,2023-10-17 02:21:22.957338
1577.0,0.1,1608.1,256.9043,Hyperliquid,2023-10-17 02:21:22.957338
1576.0,0.1,1616.0,266.83,Hyperliquid,2023-10-17 02:21:22.957338
1575.4,275.7654,1616.5,253.2332,Hyperliquid,2023-10-17 02:21:22.957338
1575.0,1.3224,1628.6,0.9165,Hyperliquid,2023-10-17 02:21:22.957338
1574.0,0.1,1631.1,255.3871,Hyperliquid,2023-10-17 02:21:22.957338
1573.7,276.5085,1635.9,224.9618,Hyperliquid,2023-10-17 02:21:22.957338
1573.0,0.1,1648.0,1.0,Hyperliquid,2023-10-17 02:21:22.957338
1570.0,0.15,1659.0,0.2896,Hyperliquid,2023-10-17 02:21:22.957338
1594.2,9.6738,1594.8,95.1583,Hyperliquid,2023-10-17 03:14:05.231230
1594.0,95.1567,1595.0,163.9555,Hyperliquid,2023-10-17 03:14:05.231230
1593.8,93.2284,1595.3,8.2943,Hyperliquid,2023-10-17 03:14:05.231230
1592.6,98.3438,1595.4,0.1534,Hyperliquid,2023-10-17 03:14:05.231230
1590.7,102.017,1596.5,90.9423,Hyperliquid,2023-10-17 03:14:05.231230
1588.6,102.4452,1598.2,55.246,Hyperliquid,2023-10-17 03:14:05.231230
1583.0,0.15,1598.3,46.1237,Hyperliquid,2023-10-17 03:14:05.231230
1582.5,279.8414,1603.6,99.6774,Hyperliquid,2023-10-17 03:14:05.231230
1582.0,0.2,1610.8,252.4248,Hyperliquid,2023-10-17 03:14:05.231230
1581.8,259.7446,1612.5,242.3782,Hyperliquid,2023-10-17 03:14:05.231230
1580.0,0.2,1616.5,253.2332,Hyperliquid,2023-10-17 03:14:05.231230
1578.0,0.2,1621.5,240.242,Hyperliquid,2023-10-17 03:14:05.231230
1577.0,0.2,1628.6,0.9165,Hyperliquid,2023-10-17 03:14:05.231230
1575.3,259.1272,1631.1,255.3871,Hyperliquid,2023-10-17 03:14:05.231230
1575.0,1.3724,1637.6,263.4467,Hyperliquid,2023-10-17 03:14:05.231230
1573.7,276.5085,1648.0,1.0,Hyperliquid,2023-10-17 03:14:05.231230
1573.0,0.15,1659.0,0.2896,Hyperliquid,2023-10-17 03:14:05.231230
1570.0,0.1,1660.0,0.3047,Hyperliquid,2023-10-17 03:14:05.231230
1568.0,0.1,1661.0,0.9294,Hyperliquid,2023-10-17 03:14:05.231230
1563.0,0.15,1665.5,0.1482,Hyperliquid,2023-10-17 03:14:05.231230
1587.1,10.0505,1587.8,9.6404,Hyperliquid,2023-10-17 04:16:35.445702
1587.0,9.9878,1588.1,139.8933,Hyperliquid,2023-10-17 04:16:35.445702
1586.9,107.3983,1588.2,0.1534,Hyperliquid,2023-10-17 04:16:35.445702
1586.7,99.1099,1588.4,94.2074,Hyperliquid,2023-10-17 04:16:35.445702
1586.5,99.8869,1589.3,8.0552,Hyperliquid,2023-10-17 04:16:35.445702
1585.5,98.0415,1589.4,50.3123,Hyperliquid,2023-10-17 04:16:35.445702
1585.0,103.8685,1589.7,52.2168,Hyperliquid,2023-10-17 04:16:35.445702
1583.3,49.3783,1591.5,109.9867,Hyperliquid,2023-10-17 04:16:35.445702
1583.2,48.4569,1595.1,52.4254,Hyperliquid,2023-10-17 04:16:35.445702
1582.0,0.15,1595.2,52.813,Hyperliquid,2023-10-17 04:16:35.445702
1580.4,46.6031,1600.2,251.3154,Hyperliquid,2023-10-17 04:16:35.445702
1580.3,49.1968,1601.7,250.8709,Hyperliquid,2023-10-17 04:16:35.445702
1580.0,0.2,1607.2,517.2274,Hyperliquid,2023-10-17 04:16:35.445702
1579.0,55.737,1622.4,234.557,Hyperliquid,2023-10-17 04:16:35.445702
1578.0,0.2,1623.3,244.6511,Hyperliquid,2023-10-17 04:16:35.445702
1577.0,0.2,1628.6,0.9165,Hyperliquid,2023-10-17 04:16:35.445702
1575.0,1.3724,1648.0,1.0,Hyperliquid,2023-10-17 04:16:35.445702
1574.0,0.2,1659.0,0.2896,Hyperliquid,2023-10-17 04:16:35.445702
1573.4,534.0227,1660.0,0.3047,Hyperliquid,2023-10-17 04:16:35.445702
1573.0,0.15,1661.0,0.9294,Hyperliquid,2023-10-17 04:16:35.445702
1587.4,9.8396,1588.0,9.8063,Hyperliquid,2023-10-17 05:12:42.862810
1587.3,46.0935,1588.3,96.2793,Hyperliquid,2023-10-17 05:12:42.862810
1587.2,105.9489,1588.4,3.5357,Hyperliquid,2023-10-17 05:12:42.862810
1587.1,49.142,1588.5,0.1534,Hyperliquid,2023-10-17 05:12:42.862810
1586.0,93.5446,1588.6,87.7576,Hyperliquid,2023-10-17 05:12:42.862810
1584.9,104.0578,1590.2,90.7343,Hyperliquid,2023-10-17 05:12:42.862810
1581.6,49.3383,1592.0,0.0333,Hyperliquid,2023-10-17 05:12:42.862810
1581.5,49.5549,1592.4,94.7831,Hyperliquid,2023-10-17 05:12:42.862810
1576.3,241.6116,1593.9,0.0404,Hyperliquid,2023-10-17 05:12:42.862810
1576.1,266.8776,1595.8,54.403,Hyperliquid,2023-10-17 05:12:42.862810
1575.0,1.2224,1596.2,52.2683,Hyperliquid,2023-10-17 05:12:42.862810
1570.1,258.6482,1597.7,0.0544,Hyperliquid,2023-10-17 05:12:42.862810
1568.2,256.8684,1599.6,0.0614,Hyperliquid,2023-10-17 05:12:42.862810
1561.2,0.1085,1601.5,0.0684,Hyperliquid,2023-10-17 05:12:42.862810
1560.0,2.1415,1603.3,271.8849,Hyperliquid,2023-10-17 05:12:42.862810
1554.0,247.8548,1603.4,0.0754,Hyperliquid,2023-10-17 05:12:42.862810
1552.9,1.1494,1605.0,267.2404,Hyperliquid,2023-10-17 05:12:42.862810
1551.4,265.5121,1605.3,0.0825,Hyperliquid,2023-10-17 05:12:42.862810
1550.0,2.0,1607.2,0.0895,Hyperliquid,2023-10-17 05:12:42.862810
1538.0,0.0715,1609.1,0.0965,Hyperliquid,2023-10-17 05:12:42.862810
1585.6,10.3195,1586.0,9.1232,Hyperliquid,2023-10-17 06:19:05.447823
1585.5,10.8959,1586.2,40.5759,Hyperliquid,2023-10-17 06:19:05.447823
1585.4,96.3128,1586.3,47.4434,Hyperliquid,2023-10-17 06:19:05.447823
1585.1,95.6359,1586.6,93.5256,Hyperliquid,2023-10-17 06:19:05.447823
1584.9,0.1534,1586.7,0.1534,Hyperliquid,2023-10-17 06:19:05.447823
1583.8,107.1245,1587.6,85.5134,Hyperliquid,2023-10-17 06:19:05.447823
1582.0,103.3992,1589.0,95.1073,Hyperliquid,2023-10-17 06:19:05.447823
1578.3,105.037,1592.0,0.0333,Hyperliquid,2023-10-17 06:19:05.447823
1575.0,1.2224,1592.6,49.9401,Hyperliquid,2023-10-17 06:19:05.447823
1573.6,274.8556,1593.0,54.2118,Hyperliquid,2023-10-17 06:19:05.447823
1573.3,255.7356,1593.9,0.0404,Hyperliquid,2023-10-17 06:19:05.447823
1568.2,256.8684,1595.8,0.0474,Hyperliquid,2023-10-17 06:19:05.447823
1566.0,277.911,1597.7,0.0544,Hyperliquid,2023-10-17 06:19:05.447823
1561.2,0.1085,1599.6,0.0614,Hyperliquid,2023-10-17 06:19:05.447823
1560.0,2.1415,1600.1,246.3565,Hyperliquid,2023-10-17 06:19:05.447823
1554.0,247.8548,1601.5,0.0684,Hyperliquid,2023-10-17 06:19:05.447823
1552.9,1.1494,1601.8,234.7146,Hyperliquid,2023-10-17 06:19:05.447823
1551.4,265.5121,1603.4,0.0754,Hyperliquid,2023-10-17 06:19:05.447823
1550.0,2.0,1605.3,0.0825,Hyperliquid,2023-10-17 06:19:05.447823
1538.0,0.0715,1607.2,0.0895,Hyperliquid,2023-10-17 06:19:05.447823
1586.0,3.9613,1586.1,9.471,Hyperliquid,2023-10-17 07:13:21.777309
1585.6,9.8062,1586.3,42.776,Hyperliquid,2023-10-17 07:13:21.777309
1585.4,93.8401,1586.4,45.206,Hyperliquid,2023-10-17 07:13:21.777309
1585.3,104.9739,1586.5,84.4851,Hyperliquid,2023-10-17 07:13:21.777309
1584.9,0.1534,1586.6,0.1534,Hyperliquid,2023-10-17 07:13:21.777309
1584.1,96.3908,1587.8,8.0238,Hyperliquid,2023-10-17 07:13:21.777309
1582.7,104.9527,1587.9,95.0477,Hyperliquid,2023-10-17 07:13:21.777309
1579.5,105.4633,1589.8,96.0976,Hyperliquid,2023-10-17 07:13:21.777309
1575.0,1.2224,1592.0,0.0333,Hyperliquid,2023-10-17 07:13:21.777309
1573.5,543.1511,1593.0,53.4554,Hyperliquid,2023-10-17 07:13:21.777309
1566.0,277.911,1593.1,50.4486,Hyperliquid,2023-10-17 07:13:21.777309
1564.2,253.2358,1593.9,0.0404,Hyperliquid,2023-10-17 07:13:21.777309
1561.2,0.1085,1595.8,0.0474,Hyperliquid,2023-10-17 07:13:21.777309
1560.0,2.1415,1597.7,0.0544,Hyperliquid,2023-10-17 07:13:21.777309
1554.0,247.8548,1599.6,0.0614,Hyperliquid,2023-10-17 07:13:21.777309
1552.9,1.1494,1600.1,246.3565,Hyperliquid,2023-10-17 07:13:21.777309
1551.4,265.5121,1601.5,0.0684,Hyperliquid,2023-10-17 07:13:21.777309
1550.0,2.0,1601.8,234.7146,Hyperliquid,2023-10-17 07:13:21.777309
1538.0,0.0715,1603.4,0.0754,Hyperliquid,2023-10-17 07:13:21.777309
1522.7,0.2758,1605.3,0.0825,Hyperliquid,2023-10-17 07:13:21.777309
1587.6,0.2287,1588.0,8.8526,Hyperliquid,2023-10-17 08:18:29.989222
1587.5,10.0147,1588.1,8.8946,Hyperliquid,2023-10-17 08:18:29.989222
1587.4,104.686,1588.2,0.5685,Hyperliquid,2023-10-17 08:18:29.989222
1587.3,105.4088,1588.3,94.2866,Hyperliquid,2023-10-17 08:18:29.989222
1587.1,0.1534,1588.5,89.0573,Hyperliquid,2023-10-17 08:18:29.989222
1587.0,99.7858,1588.7,83.3958,Hyperliquid,2023-10-17 08:18:29.989222
1586.2,51.0732,1590.3,93.2832,Hyperliquid,2023-10-17 08:18:29.989222
1585.9,51.5373,1592.0,46.6555,Hyperliquid,2023-10-17 08:18:29.989222
1584.7,100.5155,1592.2,52.8724,Hyperliquid,2023-10-17 08:18:29.989222
1581.6,104.9547,1593.9,0.0404,Hyperliquid,2023-10-17 08:18:29.989222
1576.2,507.8188,1595.8,0.0474,Hyperliquid,2023-10-17 08:18:29.989222
1575.0,1.2224,1597.0,55.3852,Hyperliquid,2023-10-17 08:18:29.989222
1570.1,247.9879,1597.3,47.3175,Hyperliquid,2023-10-17 08:18:29.989222
1568.6,251.48,1597.7,0.0544,Hyperliquid,2023-10-17 08:18:29.989222
1561.2,0.1085,1599.6,0.0614,Hyperliquid,2023-10-17 08:18:29.989222
1560.5,256.3133,1601.5,0.0684,Hyperliquid,2023-10-17 08:18:29.989222
1560.0,2.1415,1603.4,0.0754,Hyperliquid,2023-10-17 08:18:29.989222
1557.9,240.6581,1603.6,269.1705,Hyperliquid,2023-10-17 08:18:29.989222
1552.9,1.1494,1605.3,0.0825,Hyperliquid,2023-10-17 08:18:29.989222
1550.0,2.0,1605.5,230.5585,Hyperliquid,2023-10-17 08:18:29.989222
1587.5,0.1156,1587.7,0.0123,Hyperliquid,2023-10-17 09:14:10.952617
1587.4,10.7394,1587.8,4.2255,Hyperliquid,2023-10-17 09:14:10.952617
1587.2,96.6041,1587.9,4.9645,Hyperliquid,2023-10-17 09:14:10.952617
1586.9,106.971,1588.0,87.8853,Hyperliquid,2023-10-17 09:14:10.952617
1586.7,0.1534,1588.3,91.4243,Hyperliquid,2023-10-17 09:14:10.952617
1585.5,100.8321,1589.5,7.9872,Hyperliquid,2023-10-17 09:14:10.952617
1584.1,107.359,1589.6,87.2892,Hyperliquid,2023-10-17 09:14:10.952617
1580.8,99.5721,1592.0,99.5234,Hyperliquid,2023-10-17 09:14:10.952617
1576.1,557.2091,1593.9,0.0404,Hyperliquid,2023-10-17 09:14:10.952617
1575.0,1.2224,1595.6,47.0929,Hyperliquid,2023-10-17 09:14:10.952617
1568.6,251.48,1595.8,0.0474,Hyperliquid,2023-10-17 09:14:10.952617
1566.0,263.7862,1596.3,49.9892,Hyperliquid,2023-10-17 09:14:10.952617
1561.2,0.1085,1597.7,0.0544,Hyperliquid,2023-10-17 09:14:10.952617
1560.0,2.1415,1599.6,0.0614,Hyperliquid,2023-10-17 09:14:10.952617
1557.9,240.6581,1601.5,0.0684,Hyperliquid,2023-10-17 09:14:10.952617
1553.9,265.7355,1602.2,246.0745,Hyperliquid,2023-10-17 09:14:10.952617
1552.9,1.1494,1603.4,0.0754,Hyperliquid,2023-10-17 09:14:10.952617
1550.0,2.0,1603.6,255.8941,Hyperliquid,2023-10-17 09:14:10.952617
1538.0,0.0715,1605.3,0.0825,Hyperliquid,2023-10-17 09:14:10.952617
1522.7,0.2758,1607.2,0.0895,Hyperliquid,2023-10-17 09:14:10.952617
1590.0,0.1399,1590.2,1.4498,Hyperliquid,2023-10-17 10:15:07.983094
1589.8,9.4589,1590.3,9.4094,Hyperliquid,2023-10-17 10:15:07.983094
1589.7,101.4826,1590.5,82.6472,Hyperliquid,2023-10-17 10:15:07.983094
1589.6,100.0777,1590.6,0.1571,Hyperliquid,2023-10-17 10:15:07.983094
1589.4,0.1571,1590.7,96.3106,Hyperliquid,2023-10-17 10:15:07.983094
1589.3,0.1534,1592.4,91.9616,Hyperliquid,2023-10-17 10:15:07.983094
1588.3,105.5403,1593.9,0.0404,Hyperliquid,2023-10-17 10:15:07.983094
1587.3,97.7728,1594.7,104.4658,Hyperliquid,2023-10-17 10:15:07.983094
1584.0,105.1283,1595.8,0.0474,Hyperliquid,2023-10-17 10:15:07.983094
1576.1,557.2091,1597.1,49.7446,Hyperliquid,2023-10-17 10:15:07.983094
1575.0,1.2224,1597.3,47.5304,Hyperliquid,2023-10-17 10:15:07.983094
1569.9,248.3491,1597.7,0.0544,Hyperliquid,2023-10-17 10:15:07.983094
1568.6,251.48,1599.6,0.0614,Hyperliquid,2023-10-17 10:15:07.983094
1561.2,0.1085,1601.5,0.0684,Hyperliquid,2023-10-17 10:15:07.983094
1560.0,2.1415,1603.4,0.0754,Hyperliquid,2023-10-17 10:15:07.983094
1557.9,240.6581,1603.6,255.8941,Hyperliquid,2023-10-17 10:15:07.983094
1553.9,265.7355,1605.3,0.0825,Hyperliquid,2023-10-17 10:15:07.983094
1552.9,1.1494,1605.5,240.2072,Hyperliquid,2023-10-17 10:15:07.983094
1550.0,2.0,1607.2,0.0895,Hyperliquid,2023-10-17 10:15:07.983094
1538.0,0.0715,1609.1,0.0965,Hyperliquid,2023-10-17 10:15:07.983094
1583.9,9.9093,1584.5,4.1865,Hyperliquid,2023-10-17 11:11:50.819044
1583.7,114.0647,1584.6,178.0129,Hyperliquid,2023-10-17 11:11:50.819044
1583.6,212.962,1584.9,0.1571,Hyperliquid,2023-10-17 11:11:50.819044
1583.4,194.7315,1586.0,7.7416,Hyperliquid,2023-10-17 11:11:50.819044
1583.2,108.2265,1586.1,89.2761,Hyperliquid,2023-10-17 11:11:50.819044
1582.4,98.6111,1588.5,96.8541,Hyperliquid,2023-10-17 11:11:50.819044
1582.0,94.1196,1592.3,53.7209,Hyperliquid,2023-10-17 11:11:50.819044
1581.5,0.076,1592.8,53.6694,Hyperliquid,2023-10-17 11:11:50.819044
1580.6,50.6414,1595.8,0.0474,Hyperliquid,2023-10-17 11:11:50.819044
1580.5,46.842,1597.7,0.0544,Hyperliquid,2023-10-17 11:11:50.819044
1577.6,50.1029,1599.4,278.3244,Hyperliquid,2023-10-17 11:11:50.819044
1577.0,49.7856,1599.6,0.0614,Hyperliquid,2023-10-17 11:11:50.819044
1575.0,1.2224,1600.5,237.9385,Hyperliquid,2023-10-17 11:11:50.819044
1572.8,273.0239,1601.5,0.0684,Hyperliquid,2023-10-17 11:11:50.819044
1572.7,244.1949,1603.4,0.0754,Hyperliquid,2023-10-17 11:11:50.819044
1566.0,238.552,1605.3,0.0825,Hyperliquid,2023-10-17 11:11:50.819044
1564.4,250.7691,1607.2,0.0895,Hyperliquid,2023-10-17 11:11:50.819044
1561.2,0.1085,1608.2,261.1876,Hyperliquid,2023-10-17 11:11:50.819044
1560.0,2.1415,1609.1,0.0965,Hyperliquid,2023-10-17 11:11:50.819044
1553.9,279.0436,1609.4,254.1618,Hyperliquid,2023-10-17 11:11:50.819044
1581.5,10.8208,1582.0,9.4219,Hyperliquid,2023-10-17 12:27:30.023693
1581.3,105.4991,1582.1,1.5378,Hyperliquid,2023-10-17 12:27:30.023693
1581.2,97.5968,1582.2,87.385,Hyperliquid,2023-10-17 12:27:30.023693
1579.9,99.6273,1582.6,85.5104,Hyperliquid,2023-10-17 12:27:30.023693
1578.8,100.983,1584.0,91.2902,Hyperliquid,2023-10-17 12:27:30.023693
1575.7,48.8381,1586.2,100.9951,Hyperliquid,2023-10-17 12:27:30.023693
1575.4,47.6677,1590.7,99.5859,Hyperliquid,2023-10-17 12:27:30.023693
1575.0,1.2224,1595.8,0.0474,Hyperliquid,2023-10-17 12:27:30.023693
1570.1,276.318,1597.3,234.3565,Hyperliquid,2023-10-17 12:27:30.023693
1569.9,234.5101,1597.7,0.0544,Hyperliquid,2023-10-17 12:27:30.023693
1564.4,250.7691,1599.4,278.3244,Hyperliquid,2023-10-17 12:27:30.023693
1561.5,266.9573,1599.6,0.0614,Hyperliquid,2023-10-17 12:27:30.023693
1561.2,0.1085,1601.5,0.0684,Hyperliquid,2023-10-17 12:27:30.023693
1560.0,2.1415,1603.4,0.0754,Hyperliquid,2023-10-17 12:27:30.023693
1553.9,279.0436,1604.3,266.9468,Hyperliquid,2023-10-17 12:27:30.023693
1552.9,1.1494,1605.3,0.0825,Hyperliquid,2023-10-17 12:27:30.023693
1550.8,254.9867,1607.2,0.0895,Hyperliquid,2023-10-17 12:27:30.023693
1550.0,2.0,1608.2,261.1876,Hyperliquid,2023-10-17 12:27:30.023693
1538.0,0.0715,1609.1,0.0965,Hyperliquid,2023-10-17 12:27:30.023693
1522.7,0.2758,1610.9,0.1035,Hyperliquid,2023-10-17 12:27:30.023693
1576.9,0.5615,1577.4,8.3426,Hyperliquid,2023-10-17 13:17:51.043999
1576.8,10.1143,1577.5,1.4495,Hyperliquid,2023-10-17 13:17:51.043999
1576.7,100.131,1577.6,0.1571,Hyperliquid,2023-10-17 13:17:51.043999
1576.6,0.1999,1577.7,87.362,Hyperliquid,2023-10-17 13:17:51.043999
1576.5,102.5317,1578.0,83.1567,Hyperliquid,2023-10-17 13:17:51.043999
1576.4,0.1534,1579.8,90.7919,Hyperliquid,2023-10-17 13:17:51.043999
1575.2,107.618,1581.4,53.4198,Hyperliquid,2023-10-17 13:17:51.043999
1574.1,49.4317,1581.6,49.722,Hyperliquid,2023-10-17 13:17:51.043999
1573.7,54.1982,1585.1,49.1863,Hyperliquid,2023-10-17 13:17:51.043999
1570.8,106.1236,1585.9,48.7984,Hyperliquid,2023-10-17 13:17:51.043999
1563.9,266.0035,1593.1,261.0043,Hyperliquid,2023-10-17 13:17:51.043999
1563.8,276.078,1593.9,262.9539,Hyperliquid,2023-10-17 13:17:51.043999
1561.2,0.1085,1595.8,0.0474,Hyperliquid,2023-10-17 13:17:51.043999
1560.0,2.1415,1597.7,0.0544,Hyperliquid,2023-10-17 13:17:51.043999
1557.1,282.3928,1598.5,277.948,Hyperliquid,2023-10-17 13:17:51.043999
1555.8,245.7159,1599.6,0.0614,Hyperliquid,2023-10-17 13:17:51.043999
1552.9,1.1494,1599.7,244.3749,Hyperliquid,2023-10-17 13:17:51.043999
1550.0,2.0,1601.5,0.0684,Hyperliquid,2023-10-17 13:17:51.043999
1544.1,283.8718,1603.4,0.0754,Hyperliquid,2023-10-17 13:17:51.043999
1540.6,258.66,1605.3,0.0825,Hyperliquid,2023-10-17 13:17:51.043999
1573.5,0.8945,1573.9,9.3129,Hyperliquid,2023-10-17 14:12:50.823006
1573.4,0.272,1574.0,0.0429,Hyperliquid,2023-10-17 14:12:50.823006
1573.3,10.3684,1574.1,3.4038,Hyperliquid,2023-10-17 14:12:50.823006
1573.1,99.6637,1574.2,104.2824,Hyperliquid,2023-10-17 14:12:50.823006
1572.9,110.3385,1574.3,0.1534,Hyperliquid,2023-10-17 14:12:50.823006
1571.5,107.4792,1574.5,95.9188,Hyperliquid,2023-10-17 14:12:50.823006
1570.1,93.8144,1575.5,95.1073,Hyperliquid,2023-10-17 14:12:50.823006
1569.5,0.01,1577.1,52.2833,Hyperliquid,2023-10-17 14:12:50.823006
1567.1,47.1901,1577.8,52.732,Hyperliquid,2023-10-17 14:12:50.823006
1566.1,56.866,1578.3,0.01,Hyperliquid,2023-10-17 14:12:50.823006
1561.2,0.1085,1580.3,102.6233,Hyperliquid,2023-10-17 14:12:50.823006
1560.8,279.8684,1586.7,257.6986,Hyperliquid,2023-10-17 14:12:50.823006
1560.0,2.1415,1587.5,260.4281,Hyperliquid,2023-10-17 14:12:50.823006
1559.9,259.9553,1593.5,276.9074,Hyperliquid,2023-10-17 14:12:50.823006
1552.9,1.1494,1594.9,277.7244,Hyperliquid,2023-10-17 14:12:50.823006
1552.2,266.4733,1595.8,0.0474,Hyperliquid,2023-10-17 14:12:50.823006
1551.3,248.431,1597.7,0.0544,Hyperliquid,2023-10-17 14:12:50.823006
1550.0,2.0,1599.6,0.0614,Hyperliquid,2023-10-17 14:12:50.823006
1540.5,247.9914,1601.5,0.0684,Hyperliquid,2023-10-17 14:12:50.823006
1538.0,0.0715,1603.4,0.0754,Hyperliquid,2023-10-17 14:12:50.823006
1575.8,0.2101,1576.2,1.4769,Hyperliquid,2023-10-17 15:14:38.078726
1575.7,9.7851,1576.3,8.7777,Hyperliquid,2023-10-17 15:14:38.078726
1575.5,0.1571,1576.4,98.9456,Hyperliquid,2023-10-17 15:14:38.078726
1575.4,97.2566,1576.5,0.1534,Hyperliquid,2023-10-17 15:14:38.078726
1575.1,101.6049,1576.7,90.8229,Hyperliquid,2023-10-17 15:14:38.078726
1574.9,0.1534,1577.9,44.5144,Hyperliquid,2023-10-17 15:14:38.078726
1573.7,105.0421,1578.0,47.1376,Hyperliquid,2023-10-17 15:14:38.078726
1571.8,98.5067,1579.4,51.8704,Hyperliquid,2023-10-17 15:14:38.078726
1569.8,0.01,1579.7,53.9883,Hyperliquid,2023-10-17 15:14:38.078726
1569.1,48.4459,1580.6,0.01,Hyperliquid,2023-10-17 15:14:38.078726
1567.9,49.8107,1583.7,108.4923,Hyperliquid,2023-10-17 15:14:38.078726
1562.6,278.2821,1590.3,241.3022,Hyperliquid,2023-10-17 15:14:38.078726
1561.2,0.1085,1590.9,236.5731,Hyperliquid,2023-10-17 15:14:38.078726
1560.4,258.3251,1595.8,0.0474,Hyperliquid,2023-10-17 15:14:38.078726
1560.0,2.1415,1597.7,0.0544,Hyperliquid,2023-10-17 15:14:38.078726
1556.3,249.5814,1598.4,258.7972,Hyperliquid,2023-10-17 15:14:38.078726
1555.2,274.8994,1599.5,252.5865,Hyperliquid,2023-10-17 15:14:38.078726
1552.9,1.1494,1599.6,0.0614,Hyperliquid,2023-10-17 15:14:38.078726
1550.0,2.0,1601.5,0.0684,Hyperliquid,2023-10-17 15:14:38.078726
1543.6,240.1263,1603.4,0.0754,Hyperliquid,2023-10-17 15:14:38.078726
1576.9,10.2185,1577.4,9.6889,Hyperliquid,2023-10-17 16:18:25.917707
1576.7,10.3972,1577.6,99.6787,Hyperliquid,2023-10-17 16:18:25.917707
1576.6,56.2595,1577.7,93.6366,Hyperliquid,2023-10-17 16:18:25.917707
1576.5,155.0297,1579.3,93.2929,Hyperliquid,2023-10-17 16:18:25.917707
1576.4,98.8379,1580.7,0.01,Hyperliquid,2023-10-17 16:18:25.917707
1576.3,52.3177,1581.4,47.8672,Hyperliquid,2023-10-17 16:18:25.917707
1576.2,47.2743,1581.5,56.1962,Hyperliquid,2023-10-17 16:18:25.917707
1575.1,106.6877,1583.8,103.1552,Hyperliquid,2023-10-17 16:18:25.917707
1574.1,100.0472,1590.5,251.249,Hyperliquid,2023-10-17 16:18:25.917707
1572.1,0.01,1590.9,236.5731,Hyperliquid,2023-10-17 16:18:25.917707
1570.3,52.9054,1595.8,0.0474,Hyperliquid,2023-10-17 16:18:25.917707
1570.0,46.7728,1597.7,0.0544,Hyperliquid,2023-10-17 16:18:25.917707
1563.1,280.1106,1598.4,258.7972,Hyperliquid,2023-10-17 16:18:25.917707
1562.5,281.1757,1599.5,252.5865,Hyperliquid,2023-10-17 16:18:25.917707
1561.2,0.1085,1599.6,0.0614,Hyperliquid,2023-10-17 16:18:25.917707
1560.0,2.1415,1601.5,0.0684,Hyperliquid,2023-10-17 16:18:25.917707
1556.3,249.5814,1603.4,0.0754,Hyperliquid,2023-10-17 16:18:25.917707
1555.3,262.4701,1605.3,0.0825,Hyperliquid,2023-10-17 16:18:25.917707
1552.9,1.1494,1607.2,0.0895,Hyperliquid,2023-10-17 16:18:25.917707
1550.0,2.0,1607.9,249.2991,Hyperliquid,2023-10-17 16:18:25.917707
1571.2,10.823,1571.8,9.138,Hyperliquid,2023-10-17 17:12:19.642067
1571.0,97.0918,1572.0,1.2392,Hyperliquid,2023-10-17 17:12:19.642067
