bid_price,bid_size,ask_price,ask_size,protocol_name,timestamp
0.80455,1570.8,0.80476,1615.0,Hyperliquid,2023-10-14 12:24:08.466165
0.80454,3781.1,0.80478,1773.2,Hyperliquid,2023-10-14 12:24:08.466165
0.80446,21873.5,0.80489,18579.7,Hyperliquid,2023-10-14 12:24:08.466165
0.80445,20915.4,0.8049,17911.1,Hyperliquid,2023-10-14 12:24:08.466165
0.80441,21327.1,0.80501,17722.8,Hyperliquid,2023-10-14 12:24:08.466165
0.80435,18610.8,0.80507,18229.4,Hyperliquid,2023-10-14 12:24:08.466165
0.80388,19652.1,0.80575,17653.9,Hyperliquid,2023-10-14 12:24:08.466165
0.8038,18893.9,0.80584,17812.7,Hyperliquid,2023-10-14 12:24:08.466165
0.80323,41475.9,0.8071,39257.0,Hyperliquid,2023-10-14 12:24:08.466165
0.8012,41296.1,0.80909,19784.6,Hyperliquid,2023-10-14 12:24:08.466165
0.79816,101849.0,0.80914,19839.9,Hyperliquid,2023-10-14 12:24:08.466165
0.7981,106682.1,0.81255,92422.4,Hyperliquid,2023-10-14 12:24:08.466165
0.79581,100435.4,0.81256,100625.3,Hyperliquid,2023-10-14 12:24:08.466165
0.7944,92263.2,0.81743,95273.6,Hyperliquid,2023-10-14 12:24:08.466165
0.78978,88929.3,0.81794,108553.9,Hyperliquid,2023-10-14 12:24:08.466165
0.78946,90553.8,0.82327,106298.0,Hyperliquid,2023-10-14 12:24:08.466165
0.76,20000.0,0.82449,107354.9,Hyperliquid,2023-10-14 12:24:08.466165
,,0.8717,59.4,Hyperliquid,2023-10-14 12:24:08.466165
,,2.49,292.5,Hyperliquid,2023-10-14 12:24:08.466165
0.80475,4204.3,0.80496,1593.0,Hyperliquid,2023-10-14 13:14:30.902014
0.80463,40954.8,0.80498,1535.1,Hyperliquid,2023-10-14 13:14:30.902014
0.80459,40166.5,0.8051,34694.8,Hyperliquid,2023-10-14 13:14:30.902014
0.80409,18213.1,0.80527,34808.6,Hyperliquid,2023-10-14 13:14:30.902014
0.80398,20507.1,0.80586,17487.3,Hyperliquid,2023-10-14 13:14:30.902014
0.80311,18310.3,0.80609,16520.5,Hyperliquid,2023-10-14 13:14:30.902014
0.80303,21378.5,0.80683,20066.8,Hyperliquid,2023-10-14 13:14:30.902014
0.80189,36768.3,0.80684,18877.3,Hyperliquid,2023-10-14 13:14:30.902014
0.79816,101849.0,0.80897,19764.4,Hyperliquid,2023-10-14 13:14:30.902014
0.7981,106682.1,0.8093,20162.3,Hyperliquid,2023-10-14 13:14:30.902014
0.79581,100435.4,0.81427,105005.7,Hyperliquid,2023-10-14 13:14:30.902014
0.7944,92263.2,0.81428,101105.3,Hyperliquid,2023-10-14 13:14:30.902014
0.78978,88929.3,0.81743,95273.6,Hyperliquid,2023-10-14 13:14:30.902014
0.78946,90553.8,0.81794,108553.9,Hyperliquid,2023-10-14 13:14:30.902014
0.76,20000.0,0.82327,106298.0,Hyperliquid,2023-10-14 13:14:30.902014
,,0.82449,107354.9,Hyperliquid,2023-10-14 13:14:30.902014
,,0.8717,59.4,Hyperliquid,2023-10-14 13:14:30.902014
,,2.49,292.5,Hyperliquid,2023-10-14 13:14:30.902014
0.80601,655.5,0.80623,1637.8,Hyperliquid,2023-10-14 14:11:10.571591
0.806,4052.9,0.80624,1863.8,Hyperliquid,2023-10-14 14:11:10.571591
0.8059,40877.1,0.80636,35045.2,Hyperliquid,2023-10-14 14:11:10.571591
0.8058,19082.0,0.80649,34000.6,Hyperliquid,2023-10-14 14:11:10.571591
0.80579,21309.4,0.8066,18.3,Hyperliquid,2023-10-14 14:11:10.571591
0.80531,38064.0,0.80722,31631.6,Hyperliquid,2023-10-14 14:11:10.571591
0.80467,41442.9,0.80854,21291.2,Hyperliquid,2023-10-14 14:11:10.571591
0.80334,41721.6,0.80863,21234.6,Hyperliquid,2023-10-14 14:11:10.571591
0.79951,199098.7,0.81068,20817.5,Hyperliquid,2023-10-14 14:11:10.571591
0.79642,97069.3,0.81103,20052.8,Hyperliquid,2023-10-14 14:11:10.571591
0.79581,100435.4,0.81427,105005.7,Hyperliquid,2023-10-14 14:11:10.571591
0.78978,88929.3,0.81428,101105.3,Hyperliquid,2023-10-14 14:11:10.571591
0.78946,90553.8,0.81794,108553.9,Hyperliquid,2023-10-14 14:11:10.571591
0.76,20000.0,0.81998,91995.3,Hyperliquid,2023-10-14 14:11:10.571591
,,0.82449,107354.9,Hyperliquid,2023-10-14 14:11:10.571591
,,0.8274,97651.9,Hyperliquid,2023-10-14 14:11:10.571591
,,0.8717,59.4,Hyperliquid,2023-10-14 14:11:10.571591
,,2.49,292.5,Hyperliquid,2023-10-14 14:11:10.571591
0.8035,964.7,0.80372,3732.2,Hyperliquid,2023-10-14 15:12:25.539691
0.80349,1845.1,0.80387,19186.0,Hyperliquid,2023-10-14 15:12:25.539691
0.80348,1913.5,0.80388,17532.7,Hyperliquid,2023-10-14 15:12:25.539691
0.80343,18664.6,0.80391,17203.8,Hyperliquid,2023-10-14 15:12:25.539691
0.80342,19651.7,0.80392,16060.4,Hyperliquid,2023-10-14 15:12:25.539691
0.80325,18631.7,0.80434,13.0,Hyperliquid,2023-10-14 15:12:25.539691
0.80324,20076.8,0.80473,16483.9,Hyperliquid,2023-10-14 15:12:25.539691
0.80283,20770.7,0.80474,19283.3,Hyperliquid,2023-10-14 15:12:25.539691
0.80266,18282.6,0.8057,21978.2,Hyperliquid,2023-10-14 15:12:25.539691
0.80203,21227.7,0.80571,19800.7,Hyperliquid,2023-10-14 15:12:25.539691
0.80191,18517.0,0.80791,18569.0,Hyperliquid,2023-10-14 15:12:25.539691
0.80057,18829.5,0.80796,21811.2,Hyperliquid,2023-10-14 15:12:25.539691
0.80041,19280.8,0.81093,90669.2,Hyperliquid,2023-10-14 15:12:25.539691
0.79727,99217.8,0.81198,87070.8,Hyperliquid,2023-10-14 15:12:25.539691
0.79678,100895.0,0.81541,91626.3,Hyperliquid,2023-10-14 15:12:25.539691
0.79384,98065.4,0.81603,92892.2,Hyperliquid,2023-10-14 15:12:25.539691
0.79253,87410.3,0.82399,87026.6,Hyperliquid,2023-10-14 15:12:25.539691
0.78617,103696.5,0.82449,107354.9,Hyperliquid,2023-10-14 15:12:25.539691
0.78599,87360.1,0.8717,59.4,Hyperliquid,2023-10-14 15:12:25.539691
0.76,20000.0,2.49,292.5,Hyperliquid,2023-10-14 15:12:25.539691
0.80728,436.1,0.80752,3608.1,Hyperliquid,2023-10-14 16:15:56.011700
0.80727,3964.7,0.80762,3603.8,Hyperliquid,2023-10-14 16:15:56.011700
0.80724,20036.2,0.80766,35722.4,Hyperliquid,2023-10-14 16:15:56.011700
0.80721,18213.6,0.80773,15.0,Hyperliquid,2023-10-14 16:15:56.011700
0.80716,18760.1,0.80775,34312.8,Hyperliquid,2023-10-14 16:15:56.011700
0.80714,20470.9,0.80779,34715.7,Hyperliquid,2023-10-14 16:15:56.011700
0.80713,39346.5,0.80789,17709.4,Hyperliquid,2023-10-14 16:15:56.011700
0.80705,40852.3,0.80847,16047.1,Hyperliquid,2023-10-14 16:15:56.011700
0.80653,18703.7,0.80851,16263.9,Hyperliquid,2023-10-14 16:15:56.011700
0.80636,20055.7,0.80939,40915.2,Hyperliquid,2023-10-14 16:15:56.011700
0.80571,20210.2,0.8114,42431.5,Hyperliquid,2023-10-14 16:15:56.011700
0.8057,19734.0,0.81551,90132.8,Hyperliquid,2023-10-14 16:15:56.011700
0.80398,20891.7,0.81596,99632.5,Hyperliquid,2023-10-14 16:15:56.011700
0.80395,21863.7,0.81857,89711.5,Hyperliquid,2023-10-14 16:15:56.011700
0.80137,97828.3,0.82032,95937.1,Hyperliquid,2023-10-14 16:15:56.011700
0.80085,99740.9,0.82804,91623.6,Hyperliquid,2023-10-14 16:15:56.011700
0.79859,102803.5,0.82858,104437.3,Hyperliquid,2023-10-14 16:15:56.011700
0.798,93345.7,0.8717,59.4,Hyperliquid,2023-10-14 16:15:56.011700
0.78947,106576.9,2.49,292.5,Hyperliquid,2023-10-14 16:15:56.011700
0.78932,107052.6,,,Hyperliquid,2023-10-14 16:15:56.011700
0.8057,238.6,0.80592,3704.2,Hyperliquid,2023-10-14 17:10:59.920555
0.80569,4215.4,0.80595,15.4,Hyperliquid,2023-10-14 17:10:59.920555
0.8056,42718.8,0.80605,19185.0,Hyperliquid,2023-10-14 17:10:59.920555
0.80551,18179.7,0.80607,16634.9,Hyperliquid,2023-10-14 17:10:59.920555
0.8055,21338.4,0.80617,19282.0,Hyperliquid,2023-10-14 17:10:59.920555
0.80492,41100.0,0.80619,19281.0,Hyperliquid,2023-10-14 17:10:59.920555
0.80428,22110.3,0.80706,17687.7,Hyperliquid,2023-10-14 17:10:59.920555
0.80423,21135.2,0.80707,17454.9,Hyperliquid,2023-10-14 17:10:59.920555
0.80247,21073.3,0.80808,21952.3,Hyperliquid,2023-10-14 17:10:59.920555
0.80238,21696.7,0.80812,21589.7,Hyperliquid,2023-10-14 17:10:59.920555
0.79996,109108.4,0.81032,38843.6,Hyperliquid,2023-10-14 17:10:59.920555
0.79926,109530.3,0.81385,89585.3,Hyperliquid,2023-10-14 17:10:59.920555
0.79652,98559.7,0.81418,106339.5,Hyperliquid,2023-10-14 17:10:59.920555
0.79595,100501.7,0.81785,96499.0,Hyperliquid,2023-10-14 17:10:59.920555
0.78947,106576.9,0.81857,89711.5,Hyperliquid,2023-10-14 17:10:59.920555
0.78932,107052.6,0.82433,93142.9,Hyperliquid,2023-10-14 17:10:59.920555
0.76,20000.0,0.82804,91623.6,Hyperliquid,2023-10-14 17:10:59.920555
,,0.8717,59.4,Hyperliquid,2023-10-14 17:10:59.920555
,,2.49,292.5,Hyperliquid,2023-10-14 17:10:59.920555
0.80473,2021.4,0.80494,3560.6,Hyperliquid,2023-10-14 18:16:29.470357
0.80472,598.4,0.8051,33721.8,Hyperliquid,2023-10-14 18:16:29.470357
0.80471,1937.9,0.80523,17003.6,Hyperliquid,2023-10-14 18:16:29.470357
0.80465,40410.6,0.80524,16467.9,Hyperliquid,2023-10-14 18:16:29.470357
0.80455,39720.5,0.80533,19.6,Hyperliquid,2023-10-14 18:16:29.470357
0.80397,20051.9,0.80591,16167.1,Hyperliquid,2023-10-14 18:16:29.470357
0.80386,19830.0,0.80593,16648.6,Hyperliquid,2023-10-14 18:16:29.470357
0.80284,42177.8,0.80697,19474.8,Hyperliquid,2023-10-14 18:16:29.470357
0.8017,40851.1,0.80702,21914.2,Hyperliquid,2023-10-14 18:16:29.470357
0.79854,107042.5,0.80869,21489.1,Hyperliquid,2023-10-14 18:16:29.470357
0.79789,104811.4,0.80873,21089.3,Hyperliquid,2023-10-14 18:16:29.470357
0.79652,98559.7,0.81257,96454.5,Hyperliquid,2023-10-14 18:16:29.470357
0.79595,100501.7,0.81385,89585.3,Hyperliquid,2023-10-14 18:16:29.470357
0.78947,106576.9,0.81785,96499.0,Hyperliquid,2023-10-14 18:16:29.470357
0.78932,107052.6,0.81857,89711.5,Hyperliquid,2023-10-14 18:16:29.470357
0.76,20000.0,0.82433,93142.9,Hyperliquid,2023-10-14 18:16:29.470357
,,0.82804,91623.6,Hyperliquid,2023-10-14 18:16:29.470357
,,0.8717,59.4,Hyperliquid,2023-10-14 18:16:29.470357
,,2.49,292.5,Hyperliquid,2023-10-14 18:16:29.470357
0.80477,26.6,0.80498,1941.9,Hyperliquid,2023-10-14 19:10:18.644171
0.80476,4415.7,0.80499,1667.2,Hyperliquid,2023-10-14 19:10:18.644171
0.80466,37171.3,0.80509,36473.7,Hyperliquid,2023-10-14 19:10:18.644171
0.80457,18296.6,0.80521,37791.7,Hyperliquid,2023-10-14 19:10:18.644171
0.80456,20155.9,0.8061,36432.7,Hyperliquid,2023-10-14 19:10:18.644171
0.80417,20999.8,0.80693,18747.6,Hyperliquid,2023-10-14 19:10:18.644171
0.8041,18542.2,0.80709,22067.0,Hyperliquid,2023-10-14 19:10:18.644171
0.80311,41598.5,0.80864,21729.7,Hyperliquid,2023-10-14 19:10:18.644171
0.80164,38795.0,0.80871,19508.3,Hyperliquid,2023-10-14 19:10:18.644171
0.79854,107042.5,0.81257,96454.5,Hyperliquid,2023-10-14 19:10:18.644171
0.79791,108401.6,0.81385,89585.3,Hyperliquid,2023-10-14 19:10:18.644171
0.79652,98559.7,0.81785,96499.0,Hyperliquid,2023-10-14 19:10:18.644171
0.79595,100501.7,0.81857,89711.5,Hyperliquid,2023-10-14 19:10:18.644171
0.78947,106576.9,0.82407,100879.0,Hyperliquid,2023-10-14 19:10:18.644171
0.78932,107052.6,0.82433,93142.9,Hyperliquid,2023-10-14 19:10:18.644171
0.76,20000.0,0.8717,59.4,Hyperliquid,2023-10-14 19:10:18.644171
,,2.49,292.5,Hyperliquid,2023-10-14 19:10:18.644171
0.80584,15.5,0.80595,3575.5,Hyperliquid,2023-10-14 20:13:06.389679
0.80573,4382.5,0.80607,37319.7,Hyperliquid,2023-10-14 20:13:06.389679
0.80567,39748.5,0.80609,3443.3,Hyperliquid,2023-10-14 20:13:06.389679
0.80563,36432.4,0.80619,33275.2,Hyperliquid,2023-10-14 20:13:06.389679
0.80553,39210.3,0.80621,34178.9,Hyperliquid,2023-10-14 20:13:06.389679
0.80521,19106.8,0.80633,36390.0,Hyperliquid,2023-10-14 20:13:06.389679
0.80518,22095.0,0.80652,17.0,Hyperliquid,2023-10-14 20:13:06.389679
0.80495,41808.9,0.807,16511.5,Hyperliquid,2023-10-14 20:13:06.389679
0.80439,21754.1,0.80709,16375.6,Hyperliquid,2023-10-14 20:13:06.389679
0.80419,21756.9,0.80795,18828.0,Hyperliquid,2023-10-14 20:13:06.389679
0.80238,18647.4,0.80805,19292.5,Hyperliquid,2023-10-14 20:13:06.389679
0.80228,20896.1,0.80947,20816.6,Hyperliquid,2023-10-14 20:13:06.389679
0.79924,95878.0,0.80962,21867.2,Hyperliquid,2023-10-14 20:13:06.389679
0.79854,107042.5,0.81257,96454.5,Hyperliquid,2023-10-14 20:13:06.389679
0.79595,100501.7,0.81386,103214.1,Hyperliquid,2023-10-14 20:13:06.389679
0.79451,95514.6,0.81619,107594.7,Hyperliquid,2023-10-14 20:13:06.389679
0.78947,106576.9,0.81785,96499.0,Hyperliquid,2023-10-14 20:13:06.389679
0.78932,107052.6,0.82407,100879.0,Hyperliquid,2023-10-14 20:13:06.389679
0.76,20000.0,0.82433,93142.9,Hyperliquid,2023-10-14 20:13:06.389679
,,0.8717,59.4,Hyperliquid,2023-10-14 20:13:06.389679
0.80533,3653.8,0.80556,3671.8,Hyperliquid,2023-10-14 21:11:02.014728
0.80529,37.7,0.80574,35780.4,Hyperliquid,2023-10-14 21:11:02.014728
0.80528,4236.0,0.80588,35858.7,Hyperliquid,2023-10-14 21:11:02.014728
0.80521,40381.8,0.80599,14.2,Hyperliquid,2023-10-14 21:11:02.014728
0.8051,19527.1,0.80648,17637.9,Hyperliquid,2023-10-14 21:11:02.014728
0.80509,18630.6,0.80665,16853.2,Hyperliquid,2023-10-14 21:11:02.014728
0.80455,20509.1,0.80766,19531.5,Hyperliquid,2023-10-14 21:11:02.014728
0.80446,20947.5,0.80767,18559.2,Hyperliquid,2023-10-14 21:11:02.014728
0.80383,41860.1,0.80959,20166.1,Hyperliquid,2023-10-14 21:11:02.014728
0.80255,18512.0,0.80965,20511.3,Hyperliquid,2023-10-14 21:11:02.014728
0.80219,19449.4,0.81384,94906.0,Hyperliquid,2023-10-14 21:11:02.014728
0.79916,109870.7,0.81422,96741.6,Hyperliquid,2023-10-14 21:11:02.014728
0.79855,92873.6,0.81619,107594.7,Hyperliquid,2023-10-14 21:11:02.014728
0.796,100155.8,0.81785,96499.0,Hyperliquid,2023-10-14 21:11:02.014728
0.79451,95514.6,0.82407,100879.0,Hyperliquid,2023-10-14 21:11:02.014728
0.78947,106576.9,0.82433,93142.9,Hyperliquid,2023-10-14 21:11:02.014728
0.78932,107052.6,0.8717,59.4,Hyperliquid,2023-10-14 21:11:02.014728
0.76,20000.0,2.49,292.5,Hyperliquid,2023-10-14 21:11:02.014728
0.8042,3936.2,0.80442,1922.5,Hyperliquid,2023-10-14 22:11:48.717942
0.80411,39.2,0.80444,1630.4,Hyperliquid,2023-10-14 22:11:48.717942
0.8041,19021.1,0.80457,18834.2,Hyperliquid,2023-10-14 22:11:48.717942
0.80409,20983.1,0.80458,17943.3,Hyperliquid,2023-10-14 22:11:48.717942
0.80399,40421.7,0.8047,32777.2,Hyperliquid,2023-10-14 22:11:48.717942
0.80329,44127.5,0.8048,12.8,Hyperliquid,2023-10-14 22:11:48.717942
0.80237,43703.7,0.80529,17817.6,Hyperliquid,2023-10-14 22:11:48.717942
0.80079,20624.1,0.8053,17726.7,Hyperliquid,2023-10-14 22:11:48.717942
0.80038,21092.8,0.80605,42519.0,Hyperliquid,2023-10-14 22:11:48.717942
0.79783,108631.1,0.80781,19360.0,Hyperliquid,2023-10-14 22:11:48.717942
0.79721,101668.4,0.80804,18834.8,Hyperliquid,2023-10-14 22:11:48.717942
0.79451,95514.6,0.81219,91656.5,Hyperliquid,2023-10-14 22:11:48.717942
0.79397,104617.8,0.81266,100949.5,Hyperliquid,2023-10-14 22:11:48.717942
0.78947,106576.9,0.81545,95223.3,Hyperliquid,2023-10-14 22:11:48.717942
0.78932,107052.6,0.81619,107594.7,Hyperliquid,2023-10-14 22:11:48.717942
0.76,20000.0,0.82407,100879.0,Hyperliquid,2023-10-14 22:11:48.717942
,,0.82433,93142.9,Hyperliquid,2023-10-14 22:11:48.717942
,,0.8717,59.4,Hyperliquid,2023-10-14 22:11:48.717942
,,2.49,292.5,Hyperliquid,2023-10-14 22:11:48.717942
0.80258,3905.8,0.8028,3779.1,Hyperliquid,2023-10-14 23:12:30.765822
0.80253,160.1,0.80292,36840.5,Hyperliquid,2023-10-14 23:12:30.765822
0.80246,38179.9,0.80302,34590.2,Hyperliquid,2023-10-14 23:12:30.765822
0.80242,40546.6,0.8031,33243.8,Hyperliquid,2023-10-14 23:12:30.765822
0.80177,18286.5,0.80336,13.3,Hyperliquid,2023-10-14 23:12:30.765822
0.80176,18237.1,0.80337,21.3,Hyperliquid,2023-10-14 23:12:30.765822
0.80106,40691.2,0.80361,34985.5,Hyperliquid,2023-10-14 23:12:30.765822
0.79987,20134.8,0.80469,22015.2,Hyperliquid,2023-10-14 23:12:30.765822
0.79959,21231.0,0.80492,21195.6,Hyperliquid,2023-10-14 23:12:30.765822
0.79635,97923.3,0.80685,21271.9,Hyperliquid,2023-10-14 23:12:30.765822
0.79583,111093.2,0.8072,18788.4,Hyperliquid,2023-10-14 23:12:30.765822
0.7925,107330.7,0.81059,95029.0,Hyperliquid,2023-10-14 23:12:30.765822
0.79195,97259.2,0.81102,99571.2,Hyperliquid,2023-10-14 23:12:30.765822
0.78612,97745.9,0.81374,106869.6,Hyperliquid,2023-10-14 23:12:30.765822
0.78604,95994.5,0.81545,95223.3,Hyperliquid,2023-10-14 23:12:30.765822
0.76,20000.0,0.82407,100879.0,Hyperliquid,2023-10-14 23:12:30.765822
,,0.82433,93142.9,Hyperliquid,2023-10-14 23:12:30.765822
,,0.8717,59.4,Hyperliquid,2023-10-14 23:12:30.765822
,,2.49,292.5,Hyperliquid,2023-10-14 23:12:30.765822
0.80379,1882.3,0.804,3650.8,Hyperliquid,2023-10-15 01:04:32.727403
0.80377,2102.6,0.80406,13.9,Hyperliquid,2023-10-15 01:04:32.727403
0.80369,18594.0,0.80412,16216.6,Hyperliquid,2023-10-15 01:04:32.727403
0.80367,19099.1,0.80415,18115.1,Hyperliquid,2023-10-15 01:04:32.727403
0.80358,18246.7,0.80425,16417.0,Hyperliquid,2023-10-15 01:04:32.727403
0.80356,19976.7,0.80427,16641.9,Hyperliquid,2023-10-15 01:04:32.727403
0.80338,21.7,0.80509,17912.5,Hyperliquid,2023-10-15 01:04:32.727403
0.80306,20136.1,0.80511,19339.8,Hyperliquid,2023-10-15 01:04:32.727403
0.80304,21971.2,0.80571,21031.1,Hyperliquid,2023-10-15 01:04:32.727403
0.80199,21294.2,0.80585,20025.6,Hyperliquid,2023-10-15 01:04:32.727403
0.80195,21402.7,0.80772,19596.4,Hyperliquid,2023-10-15 01:04:32.727403
0.80002,38678.9,0.80784,21147.5,Hyperliquid,2023-10-15 01:04:32.727403
0.79736,100024.7,0.8104,106985.5,Hyperliquid,2023-10-15 01:04:32.727403
0.79691,99584.3,0.81174,94043.8,Hyperliquid,2023-10-15 01:04:32.727403
0.79259,105729.2,0.81364,91392.9,Hyperliquid,2023-10-15 01:04:32.727403
0.79228,97530.6,0.8157,95949.7,Hyperliquid,2023-10-15 01:04:32.727403
0.78607,94384.9,0.81995,92378.4,Hyperliquid,2023-10-15 01:04:32.727403
0.78576,103007.1,0.82358,85531.8,Hyperliquid,2023-10-15 01:04:32.727403
0.76,20000.0,0.8717,59.4,Hyperliquid,2023-10-15 01:04:32.727403
,,2.49,292.5,Hyperliquid,2023-10-15 01:04:32.727403
0.80426,2117.5,0.80451,1795.7,Hyperliquid,2023-10-15 02:22:48.857051
0.80425,2085.6,0.80452,1919.2,Hyperliquid,2023-10-15 02:22:48.857051
0.80414,38263.5,0.80465,18112.2,Hyperliquid,2023-10-15 02:22:48.857051
0.80402,19924.6,0.80466,19269.8,Hyperliquid,2023-10-15 02:22:48.857051
0.80397,21241.0,0.80473,18533.2,Hyperliquid,2023-10-15 02:22:48.857051
0.80346,21102.5,0.8048,17965.7,Hyperliquid,2023-10-15 02:22:48.857051
0.80337,21017.4,0.80554,37625.0,Hyperliquid,2023-10-15 02:22:48.857051
0.80243,19576.5,0.80611,20904.1,Hyperliquid,2023-10-15 02:22:48.857051
0.80239,18997.1,0.80655,21177.1,Hyperliquid,2023-10-15 02:22:48.857051
0.80047,22160.4,0.80835,18157.2,Hyperliquid,2023-10-15 02:22:48.857051
0.80046,22137.6,0.80874,20256.2,Hyperliquid,2023-10-15 02:22:48.857051
0.7982,110761.7,0.81195,108477.7,Hyperliquid,2023-10-15 02:22:48.857051
0.79729,94113.9,0.81319,100428.4,Hyperliquid,2023-10-15 02:22:48.857051
0.79453,107691.1,0.81612,98950.8,Hyperliquid,2023-10-15 02:22:48.857051
0.79434,91107.0,0.81815,89451.3,Hyperliquid,2023-10-15 02:22:48.857051
0.7891,102196.3,0.82361,103319.7,Hyperliquid,2023-10-15 02:22:48.857051
0.789,92758.4,0.82399,91838.7,Hyperliquid,2023-10-15 02:22:48.857051
0.76,20000.0,0.8717,59.4,Hyperliquid,2023-10-15 02:22:48.857051
,,2.49,292.5,Hyperliquid,2023-10-15 02:22:48.857051
0.80464,2156.9,0.8049,1614.1,Hyperliquid,2023-10-15 03:13:49.940206
0.80463,2005.3,0.80491,1613.6,Hyperliquid,2023-10-15 03:13:49.940206
0.8046,4103.4,0.80497,18343.7,Hyperliquid,2023-10-15 03:13:49.940206
0.80459,41408.8,0.80504,19098.2,Hyperliquid,2023-10-15 03:13:49.940206
0.80449,39669.8,0.80505,19202.2,Hyperliquid,2023-10-15 03:13:49.940206
0.80447,43379.3,0.80513,12.8,Hyperliquid,2023-10-15 03:13:49.940206
0.80445,16.7,0.80516,38061.6,Hyperliquid,2023-10-15 03:13:49.940206
0.80439,41150.4,0.80581,16379.3,Hyperliquid,2023-10-15 03:13:49.940206
0.8038,38850.4,0.80596,17582.2,Hyperliquid,2023-10-15 03:13:49.940206
0.80325,40894.0,0.80719,41426.6,Hyperliquid,2023-10-15 03:13:49.940206
0.8012,21386.1,0.80879,21798.4,Hyperliquid,2023-10-15 03:13:49.940206
0.80118,19694.3,0.80925,19009.2,Hyperliquid,2023-10-15 03:13:49.940206
0.79859,108505.9,0.81195,90879.8,Hyperliquid,2023-10-15 03:13:49.940206
0.79822,105116.0,0.81319,100428.4,Hyperliquid,2023-10-15 03:13:49.940206
0.79449,98762.8,0.81575,89762.8,Hyperliquid,2023-10-15 03:13:49.940206
0.79426,93261.9,0.81612,98950.8,Hyperliquid,2023-10-15 03:13:49.940206
0.7891,102196.3,0.82361,103319.7,Hyperliquid,2023-10-15 03:13:49.940206
0.789,92758.4,0.82399,91838.7,Hyperliquid,2023-10-15 03:13:49.940206
0.76,20000.0,0.8717,59.4,Hyperliquid,2023-10-15 03:13:49.940206
,,2.49,292.5,Hyperliquid,2023-10-15 03:13:49.940206
0.8035,4158.0,0.80374,3406.8,Hyperliquid,2023-10-15 04:15:32.846728
0.80339,42527.6,0.80386,37007.2,Hyperliquid,2023-10-15 04:15:32.846728
0.80329,37446.7,0.80388,13.2,Hyperliquid,2023-10-15 04:15:32.846728
0.8032,15.1,0.80398,33341.8,Hyperliquid,2023-10-15 04:15:32.846728
0.80271,20067.1,0.80459,17821.1,Hyperliquid,2023-10-15 04:15:32.846728
0.80259,21715.7,0.8046,17328.3,Hyperliquid,2023-10-15 04:15:32.846728
0.80179,19958.2,0.80543,18895.1,Hyperliquid,2023-10-15 04:15:32.846728
0.80177,19949.4,0.80563,21355.4,Hyperliquid,2023-10-15 04:15:32.846728
0.80039,42483.1,0.80723,18093.7,Hyperliquid,2023-10-15 04:15:32.846728
0.79722,100103.3,0.80758,18972.4,Hyperliquid,2023-10-15 04:15:32.846728
0.79677,108677.5,0.81156,107617.4,Hyperliquid,2023-10-15 04:15:32.846728
0.79449,98762.8,0.81199,106626.7,Hyperliquid,2023-10-15 04:15:32.846728
0.79423,97116.2,0.81575,89762.8,Hyperliquid,2023-10-15 04:15:32.846728
0.7891,102196.3,0.81612,98950.8,Hyperliquid,2023-10-15 04:15:32.846728
0.789,92758.4,0.82361,103319.7,Hyperliquid,2023-10-15 04:15:32.846728
0.76,20000.0,0.82399,91838.7,Hyperliquid,2023-10-15 04:15:32.846728
,,0.8717,59.4,Hyperliquid,2023-10-15 04:15:32.846728
,,2.49,292.5,Hyperliquid,2023-10-15 04:15:32.846728
0.80342,4116.7,0.80365,3564.0,Hyperliquid,2023-10-15 05:12:18.956695
0.80332,39202.2,0.80377,37469.1,Hyperliquid,2023-10-15 05:12:18.956695
0.80323,19129.2,0.80384,15.6,Hyperliquid,2023-10-15 05:12:18.956695
0.80322,18695.0,0.80389,34454.5,Hyperliquid,2023-10-15 05:12:18.956695
0.80316,16.1,0.80471,38351.6,Hyperliquid,2023-10-15 05:12:18.956695
0.80277,41304.8,0.80579,21037.1,Hyperliquid,2023-10-15 05:12:18.956695
0.80192,42228.6,0.8059,18207.4,Hyperliquid,2023-10-15 05:12:18.956695
0.80029,40555.7,0.80764,18714.8,Hyperliquid,2023-10-15 05:12:18.956695
0.79817,95293.3,0.80828,19846.1,Hyperliquid,2023-10-15 05:12:18.956695
0.79725,111426.5,0.81153,92147.1,Hyperliquid,2023-10-15 05:12:18.956695
0.79449,98762.8,0.81199,106626.7,Hyperliquid,2023-10-15 05:12:18.956695
0.79423,97116.2,0.81575,89762.8,Hyperliquid,2023-10-15 05:12:18.956695
0.7891,102196.3,0.81612,98950.8,Hyperliquid,2023-10-15 05:12:18.956695
0.789,92758.4,0.82361,103319.7,Hyperliquid,2023-10-15 05:12:18.956695
0.76,20000.0,0.82399,91838.7,Hyperliquid,2023-10-15 05:12:18.956695
,,0.8717,59.4,Hyperliquid,2023-10-15 05:12:18.956695
,,2.49,292.5,Hyperliquid,2023-10-15 05:12:18.956695
0.80454,2099.6,0.80476,1750.6,Hyperliquid,2023-10-15 06:17:18.606627
0.80452,13.6,0.80477,1806.9,Hyperliquid,2023-10-15 06:17:18.606627
0.80445,43831.2,0.80488,16816.1,Hyperliquid,2023-10-15 06:17:18.606627
0.80436,19274.8,0.80489,19293.5,Hyperliquid,2023-10-15 06:17:18.606627
0.80435,20882.5,0.80491,243.8,Hyperliquid,2023-10-15 06:17:18.606627
0.80384,40213.7,0.80501,35311.4,Hyperliquid,2023-10-15 06:17:18.606627
0.80301,20660.0,0.8052,14.6,Hyperliquid,2023-10-15 06:17:18.606627
0.80282,18827.7,0.80576,35006.6,Hyperliquid,2023-10-15 06:17:18.606627
0.80174,41490.8,0.80676,20199.8,Hyperliquid,2023-10-15 06:17:18.606627
0.79861,111431.6,0.80685,19124.4,Hyperliquid,2023-10-15 06:17:18.606627
0.79817,95293.3,0.80858,20162.2,Hyperliquid,2023-10-15 06:17:18.606627
0.79449,98762.8,0.80916,19321.1,Hyperliquid,2023-10-15 06:17:18.606627
0.79423,97116.2,0.81199,106626.7,Hyperliquid,2023-10-15 06:17:18.606627
0.7891,102196.3,0.81317,97020.8,Hyperliquid,2023-10-15 06:17:18.606627
0.789,92758.4,0.81575,89762.8,Hyperliquid,2023-10-15 06:17:18.606627
0.76,20000.0,0.81612,98950.8,Hyperliquid,2023-10-15 06:17:18.606627
,,0.82361,103319.7,Hyperliquid,2023-10-15 06:17:18.606627
,,0.82399,91838.7,Hyperliquid,2023-10-15 06:17:18.606627
,,0.8717,59.4,Hyperliquid,2023-10-15 06:17:18.606627
,,2.49,292.5,Hyperliquid,2023-10-15 06:17:18.606627
0.80559,4117.0,0.80582,1758.4,Hyperliquid,2023-10-15 07:11:34.384488
0.80558,106.2,0.80583,1743.4,Hyperliquid,2023-10-15 07:11:34.384488
0.80548,38385.2,0.8059,35746.3,Hyperliquid,2023-10-15 07:11:34.384488
0.80543,40358.4,0.80599,35390.2,Hyperliquid,2023-10-15 07:11:34.384488
0.80485,40945.9,0.80655,37848.8,Hyperliquid,2023-10-15 07:11:34.384488
0.80392,20929.7,0.80742,20005.3,Hyperliquid,2023-10-15 07:11:34.384488
0.80386,21395.0,0.80768,21324.0,Hyperliquid,2023-10-15 07:11:34.384488
0.80248,19024.4,0.80921,19391.5,Hyperliquid,2023-10-15 07:11:34.384488
0.80239,20202.6,0.80941,18692.1,Hyperliquid,2023-10-15 07:11:34.384488
0.79861,111431.6,0.81317,97020.8,Hyperliquid,2023-10-15 07:11:34.384488
0.79817,95293.3,0.81366,91125.3,Hyperliquid,2023-10-15 07:11:34.384488
0.79449,98762.8,0.81575,89762.8,Hyperliquid,2023-10-15 07:11:34.384488
0.79423,97116.2,0.81612,98950.8,Hyperliquid,2023-10-15 07:11:34.384488
0.7891,102196.3,0.82361,103319.7,Hyperliquid,2023-10-15 07:11:34.384488
0.789,92758.4,0.82399,91838.7,Hyperliquid,2023-10-15 07:11:34.384488
0.76,20000.0,0.8717,59.4,Hyperliquid,2023-10-15 07:11:34.384488
,,2.49,292.5,Hyperliquid,2023-10-15 07:11:34.384488
0.80498,3921.3,0.8052,1675.4,Hyperliquid,2023-10-15 08:15:47.845880
0.80489,41648.1,0.80523,1770.0,Hyperliquid,2023-10-15 08:15:47.845880
0.80486,39933.8,0.80532,34708.9,Hyperliquid,2023-10-15 08:15:47.845880
0.80431,21825.4,0.80536,12.8,Hyperliquid,2023-10-15 08:15:47.845880
0.80429,15.8,0.8055,34603.5,Hyperliquid,2023-10-15 08:15:47.845880
0.80428,19262.6,0.80618,17441.8,Hyperliquid,2023-10-15 08:15:47.845880
0.80361,19231.5,0.80623,17590.3,Hyperliquid,2023-10-15 08:15:47.845880
0.80339,19362.9,0.80718,21280.5,Hyperliquid,2023-10-15 08:15:47.845880
0.80242,22022.4,0.80733,21890.4,Hyperliquid,2023-10-15 08:15:47.845880
0.80233,20502.3,0.80917,19676.4,Hyperliquid,2023-10-15 08:15:47.845880
0.79945,102725.2,0.80943,18108.6,Hyperliquid,2023-10-15 08:15:47.845880
0.79861,111431.6,0.81317,97020.8,Hyperliquid,2023-10-15 08:15:47.845880
0.79649,108143.0,0.81366,91125.3,Hyperliquid,2023-10-15 08:15:47.845880
0.79626,104830.1,0.81612,98950.8,Hyperliquid,2023-10-15 08:15:47.845880
0.7891,102196.3,0.81815,102609.1,Hyperliquid,2023-10-15 08:15:47.845880
0.789,92758.4,0.82361,103319.7,Hyperliquid,2023-10-15 08:15:47.845880
0.76,20000.0,0.82399,91838.7,Hyperliquid,2023-10-15 08:15:47.845880
,,0.8717,59.4,Hyperliquid,2023-10-15 08:15:47.845880
,,2.49,292.5,Hyperliquid,2023-10-15 08:15:47.845880
0.81015,4035.9,0.81038,3554.0,Hyperliquid,2023-10-15 09:12:14.378387
0.81004,40512.9,0.81049,310.9,Hyperliquid,2023-10-15 09:12:14.378387
0.80994,37162.3,0.81051,33594.1,Hyperliquid,2023-10-15 09:12:14.378387
0.80947,19840.3,0.81063,36990.6,Hyperliquid,2023-10-15 09:12:14.378387
0.80935,19076.3,0.81137,17281.0,Hyperliquid,2023-10-15 09:12:14.378387
0.8087,19540.0,0.8114,16607.2,Hyperliquid,2023-10-15 09:12:14.378387
0.80864,20134.0,0.81247,19232.4,Hyperliquid,2023-10-15 09:12:14.378387
0.80752,18532.5,0.81253,21920.2,Hyperliquid,2023-10-15 09:12:14.378387
0.80743,19124.5,0.81441,20984.7,Hyperliquid,2023-10-15 09:12:14.378387
0.80409,103981.2,0.81455,19135.2,Hyperliquid,2023-10-15 09:12:14.378387
0.80356,100531.9,0.8182,101453.6,Hyperliquid,2023-10-15 09:12:14.378387
0.80052,95997.7,0.81864,97533.2,Hyperliquid,2023-10-15 09:12:14.378387
0.80029,103203.6,0.82056,93554.5,Hyperliquid,2023-10-15 09:12:14.378387
0.79245,107807.1,0.82103,107519.7,Hyperliquid,2023-10-15 09:12:14.378387
0.79229,96796.8,0.82756,107441.9,Hyperliquid,2023-10-15 09:12:14.378387
0.76,20000.0,0.82802,90930.6,Hyperliquid,2023-10-15 09:12:14.378387
,,0.8717,59.4,Hyperliquid,2023-10-15 09:12:14.378387
,,2.49,292.5,Hyperliquid,2023-10-15 09:12:14.378387
0.8061,3964.9,0.80634,3427.9,Hyperliquid,2023-10-15 10:13:31.673603
0.80602,166.4,0.80646,38000.2,Hyperliquid,2023-10-15 10:13:31.673603
0.80601,18556.8,0.80657,32916.9,Hyperliquid,2023-10-15 10:13:31.673603
0.806,20750.0,0.80693,13.8,Hyperliquid,2023-10-15 10:13:31.673603
0.80591,39534.9,0.80719,18404.4,Hyperliquid,2023-10-15 10:13:31.673603
0.80527,19962.2,0.80729,16604.3,Hyperliquid,2023-10-15 10:13:31.673603
0.80524,21549.1,0.80802,18659.4,Hyperliquid,2023-10-15 10:13:31.673603
0.80443,21945.8,0.80823,18786.1,Hyperliquid,2023-10-15 10:13:31.673603
0.80426,18744.9,0.80998,21772.0,Hyperliquid,2023-10-15 10:13:31.673603
0.80263,19806.5,0.81015,18858.8,Hyperliquid,2023-10-15 10:13:31.673603
0.80245,20226.6,0.81378,96698.8,Hyperliquid,2023-10-15 10:13:31.673603
0.80002,102533.1,0.81495,90309.5,Hyperliquid,2023-10-15 10:13:31.673603
0.79939,91592.1,0.81796,91690.5,Hyperliquid,2023-10-15 10:13:31.673603
0.79619,96317.4,0.81864,102469.1,Hyperliquid,2023-10-15 10:13:31.673603
0.79615,94493.2,0.82756,107441.9,Hyperliquid,2023-10-15 10:13:31.673603
0.79245,107807.1,0.82802,90930.6,Hyperliquid,2023-10-15 10:13:31.673603
0.79229,96796.8,0.8717,59.4,Hyperliquid,2023-10-15 10:13:31.673603
0.76,20000.0,2.49,292.5,Hyperliquid,2023-10-15 10:13:31.673603
0.80599,3826.1,0.80625,1614.1,Hyperliquid,2023-10-15 11:10:29.197539
0.80587,40587.9,0.80626,1887.0,Hyperliquid,2023-10-15 11:10:29.197539
0.80576,40964.7,0.80639,17388.9,Hyperliquid,2023-10-15 11:10:29.197539
0.80525,38763.9,0.8064,18086.7,Hyperliquid,2023-10-15 11:10:29.197539
0.80414,19565.2,0.80658,36938.7,Hyperliquid,2023-10-15 11:10:29.197539
0.80408,19336.1,0.8072,16569.7,Hyperliquid,2023-10-15 11:10:29.197539
0.80274,18745.1,0.80721,17897.3,Hyperliquid,2023-10-15 11:10:29.197539
0.80268,22016.6,0.80795,18899.4,Hyperliquid,2023-10-15 11:10:29.197539
0.79994,92716.3,0.80811,18571.1,Hyperliquid,2023-10-15 11:10:29.197539
0.79965,103835.0,0.81011,41762.7,Hyperliquid,2023-10-15 11:10:29.197539
0.79631,196082.9,0.81417,106759.2,Hyperliquid,2023-10-15 11:10:29.197539
0.79229,96796.8,0.81428,103985.6,Hyperliquid,2023-10-15 11:10:29.197539
0.78928,98186.0,0.81905,199373.7,Hyperliquid,2023-10-15 11:10:29.197539
0.76,20000.0,0.82768,105020.1,Hyperliquid,2023-10-15 11:10:29.197539
,,0.82802,90930.6,Hyperliquid,2023-10-15 11:10:29.197539
,,0.8717,59.4,Hyperliquid,2023-10-15 11:10:29.197539
,,2.49,292.5,Hyperliquid,2023-10-15 11:10:29.197539
0.80279,1889.8,0.80298,73.3,Hyperliquid,2023-10-15 12:24:41.651838
0.80278,1886.1,0.80299,1681.7,Hyperliquid,2023-10-15 12:24:41.651838
0.80268,20457.5,0.80302,1681.0,Hyperliquid,2023-10-15 12:24:41.651838
0.80266,18812.9,0.80312,16429.3,Hyperliquid,2023-10-15 12:24:41.651838
0.80252,41054.4,0.80314,17607.4,Hyperliquid,2023-10-15 12:24:41.651838
0.80203,39226.8,0.8032,36580.9,Hyperliquid,2023-10-15 12:24:41.651838
0.80138,20140.0,0.80393,19600.1,Hyperliquid,2023-10-15 12:24:41.651838
0.80131,21008.7,0.80403,16129.6,Hyperliquid,2023-10-15 12:24:41.651838
0.79977,18462.3,0.80487,19857.5,Hyperliquid,2023-10-15 12:24:41.651838
0.79962,21810.9,0.8049,20434.9,Hyperliquid,2023-10-15 12:24:41.651838
0.79725,99236.6,0.80675,21886.2,Hyperliquid,2023-10-15 12:24:41.651838
0.79697,110895.6,0.80689,20368.0,Hyperliquid,2023-10-15 12:24:41.651838
0.7943,202190.1,0.81091,99520.4,Hyperliquid,2023-10-15 12:24:41.651838
0.78928,98186.0,0.81094,90641.1,Hyperliquid,2023-10-15 12:24:41.651838
0.78895,98774.3,0.81661,199522.7,Hyperliquid,2023-10-15 12:24:41.651838
0.76,20000.0,0.82361,101469.5,Hyperliquid,2023-10-15 12:24:41.651838
,,0.82408,90144.4,Hyperliquid,2023-10-15 12:24:41.651838
,,0.8717,59.4,Hyperliquid,2023-10-15 12:24:41.651838
,,2.49,292.5,Hyperliquid,2023-10-15 12:24:41.651838
0.80231,4157.4,0.80257,1625.5,Hyperliquid,2023-10-15 13:14:32.051081
0.80223,22044.3,0.80258,1636.0,Hyperliquid,2023-10-15 13:14:32.051081
0.8022,20206.3,0.80271,16740.6,Hyperliquid,2023-10-15 13:14:32.051081
0.80215,19667.3,0.80274,18485.3,Hyperliquid,2023-10-15 13:14:32.051081
0.80212,19821.5,0.80288,16155.5,Hyperliquid,2023-10-15 13:14:32.051081
0.80156,22211.7,0.80291,17096.0,Hyperliquid,2023-10-15 13:14:32.051081
0.80152,20519.5,0.80359,16507.8,Hyperliquid,2023-10-15 13:14:32.051081
0.80072,18934.9,0.80363,18170.2,Hyperliquid,2023-10-15 13:14:32.051081
0.80069,19968.7,0.80428,22150.6,Hyperliquid,2023-10-15 13:14:32.051081
0.79864,19647.4,0.80463,20286.5,Hyperliquid,2023-10-15 13:14:32.051081
0.79862,21144.7,0.80582,18761.0,Hyperliquid,2023-10-15 13:14:32.051081
0.79574,93038.9,0.80621,21243.3,Hyperliquid,2023-10-15 13:14:32.051081
0.79553,96944.3,0.80938,104667.8,Hyperliquid,2023-10-15 13:14:32.051081
0.79206,102827.3,0.80941,97782.0,Hyperliquid,2023-10-15 13:14:32.051081
0.79205,92289.2,0.81415,107350.3,Hyperliquid,2023-10-15 13:14:32.051081
0.786,101263.9,0.81416,105961.1,Hyperliquid,2023-10-15 13:14:32.051081
0.7856,94263.4,0.81946,97992.8,Hyperliquid,2023-10-15 13:14:32.051081
,,0.82014,90556.6,Hyperliquid,2023-10-15 13:14:32.051081
,,0.8717,59.4,Hyperliquid,2023-10-15 13:14:32.051081
,,2.49,292.5,Hyperliquid,2023-10-15 13:14:32.051081
0.80038,2109.0,0.80065,1725.7,Hyperliquid,2023-10-15 14:11:25.170863
0.80037,1831.7,0.80067,1670.9,Hyperliquid,2023-10-15 14:11:25.170863
0.80026,21108.5,0.80075,16557.8,Hyperliquid,2023-10-15 14:11:25.170863
0.80024,21976.9,0.8008,18494.4,Hyperliquid,2023-10-15 14:11:25.170863
0.80006,21198.0,0.80087,18252.2,Hyperliquid,2023-10-15 14:11:25.170863
0.80005,19911.5,0.8009,18359.7,Hyperliquid,2023-10-15 14:11:25.170863
0.79961,21936.9,0.80153,19228.5,Hyperliquid,2023-10-15 14:11:25.170863
0.7996,19171.9,0.80166,19067.1,Hyperliquid,2023-10-15 14:11:25.170863
0.79864,21462.3,0.80254,20781.2,Hyperliquid,2023-10-15 14:11:25.170863
0.79855,19105.4,0.8028,18887.0,Hyperliquid,2023-10-15 14:11:25.170863
0.7969,20019.4,0.80425,21679.6,Hyperliquid,2023-10-15 14:11:25.170863
0.7967,20182.5,0.80475,18433.2,Hyperliquid,2023-10-15 14:11:25.170863
0.79384,101331.4,0.80781,100416.4,Hyperliquid,2023-10-15 14:11:25.170863
0.79333,109532.6,0.80785,91537.8,Hyperliquid,2023-10-15 14:11:25.170863
0.79064,106156.7,0.81082,98868.0,Hyperliquid,2023-10-15 14:11:25.170863
0.78991,98877.4,0.81183,95315.6,Hyperliquid,2023-10-15 14:11:25.170863
0.78211,94142.3,0.81964,89227.1,Hyperliquid,2023-10-15 14:11:25.170863
0.78205,96988.6,0.82002,105690.0,Hyperliquid,2023-10-15 14:11:25.170863
,,0.8717,59.4,Hyperliquid,2023-10-15 14:11:25.170863
,,2.49,292.5,Hyperliquid,2023-10-15 14:11:25.170863
0.79867,2326.2,0.79893,1722.2,Hyperliquid,2023-10-15 15:12:25.497041
0.79866,1883.8,0.79895,1704.1,Hyperliquid,2023-10-15 15:12:25.497041
0.79858,21823.7,0.79909,36617.4,Hyperliquid,2023-10-15 15:12:25.497041
0.79857,18638.2,0.79922,35315.6,Hyperliquid,2023-10-15 15:12:25.497041
0.79847,21505.3,0.79993,17546.0,Hyperliquid,2023-10-15 15:12:25.497041
0.79845,19918.4,0.79994,17951.7,Hyperliquid,2023-10-15 15:12:25.497041
0.79788,20183.2,0.80093,21795.9,Hyperliquid,2023-10-15 15:12:25.497041
0.79773,18815.0,0.80094,20882.4,Hyperliquid,2023-10-15 15:12:25.497041
0.79673,42650.4,0.80288,21691.3,Hyperliquid,2023-10-15 15:12:25.497041
0.79483,22258.3,0.8029,18557.6,Hyperliquid,2023-10-15 15:12:25.497041
0.79474,22117.2,0.80665,88332.3,Hyperliquid,2023-10-15 15:12:25.497041
0.79211,95741.8,0.80666,92379.0,Hyperliquid,2023-10-15 15:12:25.497041
0.7921,96299.8,0.81062,83966.8,Hyperliquid,2023-10-15 15:12:25.497041
0.78746,92230.8,0.81063,99982.2,Hyperliquid,2023-10-15 15:12:25.497041
0.78745,88194.9,0.81842,98856.3,Hyperliquid,2023-10-15 15:12:25.497041
0.78096,97329.5,0.81843,95349.4,Hyperliquid,2023-10-15 15:12:25.497041
0.78094,100419.1,0.8717,59.4,Hyperliquid,2023-10-15 15:12:25.497041
,,2.49,292.5,Hyperliquid,2023-10-15 15:12:25.497041
0.79813,2083.9,0.79834,1684.6,Hyperliquid,2023-10-15 16:16:03.615742
0.79812,1917.9,0.79837,1778.2,Hyperliquid,2023-10-15 16:16:03.615742
0.79801,21381.2,0.79848,18319.6,Hyperliquid,2023-10-15 16:16:03.615742
0.79799,18986.8,0.79851,19792.6,Hyperliquid,2023-10-15 16:16:03.615742
0.79794,19513.8,0.79863,17939.6,Hyperliquid,2023-10-15 16:16:03.615742
0.79786,20677.5,0.79866,18964.3,Hyperliquid,2023-10-15 16:16:03.615742
0.7973,22213.4,0.79931,19554.9,Hyperliquid,2023-10-15 16:16:03.615742
0.79727,19765.8,0.79945,17845.8,Hyperliquid,2023-10-15 16:16:03.615742
0.79643,20676.6,0.80017,19489.6,Hyperliquid,2023-10-15 16:16:03.615742
0.79637,18559.6,0.80052,18519.6,Hyperliquid,2023-10-15 16:16:03.615742
0.79532,21954.0,0.80219,19010.3,Hyperliquid,2023-10-15 16:16:03.615742
0.7952,19298.8,0.80289,21000.3,Hyperliquid,2023-10-15 16:16:03.615742
0.7921,218857.4,0.80666,109269.4,Hyperliquid,2023-10-15 16:16:03.615742
0.78944,105859.6,0.80675,110360.7,Hyperliquid,2023-10-15 16:16:03.615742
0.78942,103568.4,0.81062,83966.8,Hyperliquid,2023-10-15 16:16:03.615742
0.78423,209001.9,0.81063,99982.2,Hyperliquid,2023-10-15 16:16:03.615742
,,0.81842,98856.3,Hyperliquid,2023-10-15 16:16:03.615742
,,0.81843,95349.4,Hyperliquid,2023-10-15 16:16:03.615742
,,0.8717,59.4,Hyperliquid,2023-10-15 16:16:03.615742
,,2.49,292.5,Hyperliquid,2023-10-15 16:16:03.615742
0.80182,1865.6,0.80203,1910.1,Hyperliquid,2023-10-15 17:11:59.564794
0.8018,1859.7,0.80205,1646.0,Hyperliquid,2023-10-15 17:11:59.564794
0.80176,1914.3,0.80214,35037.5,Hyperliquid,2023-10-15 17:11:59.564794
0.80172,20788.6,0.80227,35132.7,Hyperliquid,2023-10-15 17:11:59.564794
0.80171,21340.2,0.80288,17670.8,Hyperliquid,2023-10-15 17:11:59.564794
0.80165,40949.5,0.803,17368.8,Hyperliquid,2023-10-15 17:11:59.564794
0.80154,40916.5,0.80369,19592.3,Hyperliquid,2023-10-15 17:11:59.564794
0.80102,20159.9,0.80387,20042.5,Hyperliquid,2023-10-15 17:11:59.564794
0.801,19310.0,0.80553,39798.2,Hyperliquid,2023-10-15 17:11:59.564794
0.80082,20248.1,0.80837,93371.8,Hyperliquid,2023-10-15 17:11:59.564794
0.80016,21562.3,0.80994,103173.4,Hyperliquid,2023-10-15 17:11:59.564794
0.79992,19766.0,0.81329,105771.8,Hyperliquid,2023-10-15 17:11:59.564794
0.79811,18688.3,0.81332,98255.4,Hyperliquid,2023-10-15 17:11:59.564794
0.79808,19132.0,0.81842,98856.3,Hyperliquid,2023-10-15 17:11:59.564794
0.79487,92310.0,0.81843,95349.4,Hyperliquid,2023-10-15 17:11:59.564794
0.79481,99706.2,0.82,83.7,Hyperliquid,2023-10-15 17:11:59.564794
0.79148,100400.1,0.8717,59.4,Hyperliquid,2023-10-15 17:11:59.564794
0.79145,96624.5,2.49,292.5,Hyperliquid,2023-10-15 17:11:59.564794
0.78423,209001.9,,,Hyperliquid,2023-10-15 17:11:59.564794
0.80189,4255.7,0.80213,3792.0,Hyperliquid,2023-10-15 18:16:42.040372
0.80177,18762.1,0.80221,35962.5,Hyperliquid,2023-10-15 18:16:42.040372
0.80176,21771.0,0.80233,17565.4,Hyperliquid,2023-10-15 18:16:42.040372
0.80172,19165.1,0.8024,17595.8,Hyperliquid,2023-10-15 18:16:42.040372
0.80167,20235.0,0.80302,17375.9,Hyperliquid,2023-10-15 18:16:42.040372
0.80123,21184.4,0.8031,17159.2,Hyperliquid,2023-10-15 18:16:42.040372
0.80114,18798.7,0.80396,21593.2,Hyperliquid,2023-10-15 18:16:42.040372
0.80038,19273.4,0.80429,19137.9,Hyperliquid,2023-10-15 18:16:42.040372
0.80037,22143.6,0.80569,20340.2,Hyperliquid,2023-10-15 18:16:42.040372
0.7987,21970.5,0.80641,21014.3,Hyperliquid,2023-10-15 18:16:42.040372
0.79855,18735.8,0.80959,96484.7,Hyperliquid,2023-10-15 18:16:42.040372
0.79616,98320.5,0.80999,105996.3,Hyperliquid,2023-10-15 18:16:42.040372
0.79506,101554.2,0.81332,98255.4,Hyperliquid,2023-10-15 18:16:42.040372
0.79239,110833.3,0.81358,90009.7,Hyperliquid,2023-10-15 18:16:42.040372
0.79148,100400.1,0.82,83.7,Hyperliquid,2023-10-15 18:16:42.040372
0.78423,109385.8,0.82141,99747.8,Hyperliquid,2023-10-15 18:16:42.040372
0.78389,90393.3,0.82239,102953.0,Hyperliquid,2023-10-15 18:16:42.040372
,,0.8717,59.4,Hyperliquid,2023-10-15 18:16:42.040372
,,2.49,292.5,Hyperliquid,2023-10-15 18:16:42.040372
