bid_price,bid_size,ask_price,ask_size,protocol_name,timestamp
1546.3,0.4142,1546.6,8.0801,Hyperliquid,2023-10-14 12:24:02.211942
1546.2,10.9133,1546.9,86.5426,Hyperliquid,2023-10-14 12:24:02.211942
1546.1,105.729,1547.1,83.7214,Hyperliquid,2023-10-14 12:24:02.211942
1546.0,3.8029,1547.5,0.3204,Hyperliquid,2023-10-14 12:24:02.211942
1545.9,105.0086,1548.9,86.8181,Hyperliquid,2023-10-14 12:24:02.211942
1545.8,0.3068,1551.3,56.7998,Hyperliquid,2023-10-14 12:24:02.211942
1545.0,49.2978,1551.4,53.5252,Hyperliquid,2023-10-14 12:24:02.211942
1544.7,57.6216,1555.4,50.24,Hyperliquid,2023-10-14 12:24:02.211942
1544.0,0.5824,1556.2,54.242,Hyperliquid,2023-10-14 12:24:02.211942
1543.1,106.8969,1563.9,235.8529,Hyperliquid,2023-10-14 12:24:02.211942
1541.2,50.1233,1564.5,246.5165,Hyperliquid,2023-10-14 12:24:02.211942
1540.7,47.6302,1570.7,255.5477,Hyperliquid,2023-10-14 12:24:02.211942
1536.0,0.1564,1571.2,235.6598,Hyperliquid,2023-10-14 12:24:02.211942
1535.4,0.1665,1592.4,216.1945,Hyperliquid,2023-10-14 12:24:02.211942
1535.1,237.7587,1592.8,232.5929,Hyperliquid,2023-10-14 12:24:02.211942
1534.8,0.1766,1598.7,0.444,Hyperliquid,2023-10-14 12:24:02.211942
1534.6,236.8693,1598.9,0.1486,Hyperliquid,2023-10-14 12:24:02.211942
1534.3,0.1867,1599.3,1.0,Hyperliquid,2023-10-14 12:24:02.211942
1533.7,0.1968,1630.0,0.7749,Hyperliquid,2023-10-14 12:24:02.211942
1533.1,0.2069,1659.0,0.2896,Hyperliquid,2023-10-14 12:24:02.211942
1549.8,9.9527,1550.1,0.1354,Hyperliquid,2023-10-14 13:14:24.593617
1549.6,3.8671,1550.2,7.7324,Hyperliquid,2023-10-14 13:14:24.593617
1549.5,104.637,1550.3,42.6068,Hyperliquid,2023-10-14 13:14:24.593617
1549.3,106.4347,1550.4,46.3801,Hyperliquid,2023-10-14 13:14:24.593617
1549.0,0.1534,1550.5,83.3633,Hyperliquid,2023-10-14 13:14:24.593617
1548.3,104.5131,1550.6,0.1534,Hyperliquid,2023-10-14 13:14:24.593617
1547.1,101.6251,1550.7,0.1534,Hyperliquid,2023-10-14 13:14:24.593617
1543.9,56.6423,1552.1,77.2554,Hyperliquid,2023-10-14 13:14:24.593617
1543.4,57.2185,1554.6,53.0152,Hyperliquid,2023-10-14 13:14:24.593617
1537.7,240.0184,1554.8,55.4319,Hyperliquid,2023-10-14 13:14:24.593617
1537.2,273.5824,1558.0,51.2361,Hyperliquid,2023-10-14 13:14:24.593617
1536.0,0.1564,1559.2,56.2667,Hyperliquid,2023-10-14 13:14:24.593617
1535.4,0.1665,1564.5,246.5165,Hyperliquid,2023-10-14 13:14:24.593617
1534.8,0.1766,1567.5,259.0116,Hyperliquid,2023-10-14 13:14:24.593617
1534.3,0.1867,1571.2,235.6598,Hyperliquid,2023-10-14 13:14:24.593617
1533.7,0.1968,1575.9,238.5966,Hyperliquid,2023-10-14 13:14:24.593617
1533.1,0.2069,1592.4,216.1945,Hyperliquid,2023-10-14 13:14:24.593617
1532.5,0.217,1592.8,232.5929,Hyperliquid,2023-10-14 13:14:24.593617
1532.3,238.3064,1598.7,0.444,Hyperliquid,2023-10-14 13:14:24.593617
1531.9,0.2271,1598.9,0.1486,Hyperliquid,2023-10-14 13:14:24.593617
1551.6,17.9401,1551.9,8.0205,Hyperliquid,2023-10-14 14:11:05.001608
1551.5,0.0624,1552.1,78.8352,Hyperliquid,2023-10-14 14:11:05.001608
1551.4,11.4696,1552.4,84.0011,Hyperliquid,2023-10-14 14:11:05.001608
1551.3,104.2345,1552.7,0.3068,Hyperliquid,2023-10-14 14:11:05.001608
1551.1,0.3068,1554.0,85.3918,Hyperliquid,2023-10-14 14:11:05.001608
1551.0,111.2062,1555.8,52.1611,Hyperliquid,2023-10-14 14:11:05.001608
1550.2,102.6871,1556.2,47.3385,Hyperliquid,2023-10-14 14:11:05.001608
1548.8,48.4667,1559.2,47.304,Hyperliquid,2023-10-14 14:11:05.001608
1548.6,53.6496,1559.8,47.3685,Hyperliquid,2023-10-14 14:11:05.001608
1545.5,52.9051,1567.5,259.0116,Hyperliquid,2023-10-14 14:11:05.001608
1545.2,51.613,1568.0,264.7109,Hyperliquid,2023-10-14 14:11:05.001608
1539.8,270.607,1575.9,238.5966,Hyperliquid,2023-10-14 14:11:05.001608
1537.7,240.0184,1576.5,263.9398,Hyperliquid,2023-10-14 14:11:05.001608
1536.0,0.1564,1592.4,216.1945,Hyperliquid,2023-10-14 14:11:05.001608
1535.4,0.1665,1592.8,232.5929,Hyperliquid,2023-10-14 14:11:05.001608
1534.8,0.1766,1598.7,0.444,Hyperliquid,2023-10-14 14:11:05.001608
1534.3,0.1867,1598.9,0.1486,Hyperliquid,2023-10-14 14:11:05.001608
1533.7,0.1968,1599.3,1.0,Hyperliquid,2023-10-14 14:11:05.001608
1533.1,0.2069,1630.0,0.7749,Hyperliquid,2023-10-14 14:11:05.001608
1532.6,263.4812,1659.0,0.2896,Hyperliquid,2023-10-14 14:11:05.001608
1551.1,0.1739,1551.4,7.5109,Hyperliquid,2023-10-14 15:12:20.149270
1551.0,10.7168,1551.6,0.0066,Hyperliquid,2023-10-14 15:12:20.149270
1550.9,113.1851,1551.7,82.8215,Hyperliquid,2023-10-14 15:12:20.149270
1550.7,107.0607,1551.9,87.7668,Hyperliquid,2023-10-14 15:12:20.149270
1550.4,3.8511,1553.4,38.7478,Hyperliquid,2023-10-14 15:12:20.149270
1550.3,0.3068,1553.6,41.8387,Hyperliquid,2023-10-14 15:12:20.149270
1549.4,105.6371,1555.2,55.1944,Hyperliquid,2023-10-14 15:12:20.149270
1549.0,2.0,1555.3,48.0115,Hyperliquid,2023-10-14 15:12:20.149270
1548.0,49.309,1558.5,52.2072,Hyperliquid,2023-10-14 15:12:20.149270
1547.8,51.4477,1559.3,53.8466,Hyperliquid,2023-10-14 15:12:20.149270
1544.1,53.1618,1567.5,259.0116,Hyperliquid,2023-10-14 15:12:20.149270
1543.8,57.6369,1569.1,228.721,Hyperliquid,2023-10-14 15:12:20.149270
1538.7,247.8911,1575.9,238.5966,Hyperliquid,2023-10-14 15:12:20.149270
1537.1,266.3133,1577.8,230.837,Hyperliquid,2023-10-14 15:12:20.149270
1536.0,0.1564,1592.4,216.1945,Hyperliquid,2023-10-14 15:12:20.149270
1535.4,0.1665,1594.8,245.2442,Hyperliquid,2023-10-14 15:12:20.149270
1534.8,0.1766,1598.7,0.444,Hyperliquid,2023-10-14 15:12:20.149270
1534.3,0.1867,1598.9,0.1486,Hyperliquid,2023-10-14 15:12:20.149270
1533.7,0.1968,1599.3,1.0,Hyperliquid,2023-10-14 15:12:20.149270
1533.1,0.2069,1630.0,0.7749,Hyperliquid,2023-10-14 15:12:20.149270
