bid_price,bid_size,ask_price,ask_size,protocol_name,timestamp
12.401,823.6,12.404,4879.1,Hyperliquid,2023-12-14 04:17:16.060121
12.398,1625.6,12.408,1532.8,Hyperliquid,2023-12-14 04:17:16.060121
12.392,1687.5,12.409,1493.7,Hyperliquid,2023-12-14 04:17:16.060121
12.38,820.8,12.414,1764.1,Hyperliquid,2023-12-14 04:17:16.060121
12.377,933.7,12.417,1541.2,Hyperliquid,2023-12-14 04:17:16.060121
12.376,101.0,12.426,100.6,Hyperliquid,2023-12-14 04:17:16.060121
12.358,101.1,12.427,1635.0,Hyperliquid,2023-12-14 04:17:16.060121
12.357,1685.3,12.429,1706.5,Hyperliquid,2023-12-14 04:17:16.060121
12.355,1717.7,12.454,100.4,Hyperliquid,2023-12-14 04:17:16.060121
12.318,120.9,12.455,1753.4,Hyperliquid,2023-12-14 04:17:16.060121
12.308,3117.7,12.456,1642.3,Hyperliquid,2023-12-14 04:17:16.060121
12.273,128.9,12.519,15099.7,Hyperliquid,2023-12-14 04:17:16.060121
12.244,7961.0,12.57,7977.2,Hyperliquid,2023-12-14 04:17:16.060121
12.238,8724.9,12.571,8082.1,Hyperliquid,2023-12-14 04:17:16.060121
12.227,137.0,12.706,8536.2,Hyperliquid,2023-12-14 04:17:16.060121
12.182,145.1,12.716,8196.0,Hyperliquid,2023-12-14 04:17:16.060121
12.148,8099.8,12.81,30.0,Hyperliquid,2023-12-14 04:17:16.060121
12.136,153.1,12.845,1000.0,Hyperliquid,2023-12-14 04:17:16.060121
12.13,8282.5,12.867,1000.0,Hyperliquid,2023-12-14 04:17:16.060121
12.1,1316.5,12.876,1000.0,Hyperliquid,2023-12-14 04:17:16.060121
12.31,416.0,12.317,872.8,Hyperliquid,2023-12-14 05:13:41.051630
12.309,2311.5,12.318,853.3,Hyperliquid,2023-12-14 05:13:41.051630
12.307,1629.8,12.319,1681.8,Hyperliquid,2023-12-14 05:13:41.051630
12.305,81.1,12.32,3479.5,Hyperliquid,2023-12-14 05:13:41.051630
12.303,1621.8,12.321,1631.1,Hyperliquid,2023-12-14 05:13:41.051630
12.287,203.4,12.324,1652.0,Hyperliquid,2023-12-14 05:13:41.051630
12.286,1745.8,12.328,3261.0,Hyperliquid,2023-12-14 05:13:41.051630
12.27,1000.0,12.345,202.6,Hyperliquid,2023-12-14 05:13:41.051630
12.265,3323.0,12.346,3129.2,Hyperliquid,2023-12-14 05:13:41.051630
12.227,137.0,12.375,1686.7,Hyperliquid,2023-12-14 05:13:41.051630
12.22,2.5,12.376,1562.2,Hyperliquid,2023-12-14 05:13:41.051630
12.212,1539.5,12.431,8543.5,Hyperliquid,2023-12-14 05:13:41.051630
12.211,1712.2,12.436,8721.5,Hyperliquid,2023-12-14 05:13:41.051630
12.182,145.1,12.476,7693.7,Hyperliquid,2023-12-14 05:13:41.051630
12.178,4.2,12.477,8149.8,Hyperliquid,2023-12-14 05:13:41.051630
12.136,159.0,12.575,7189.9,Hyperliquid,2023-12-14 05:13:41.051630
12.122,9073.5,12.579,8260.0,Hyperliquid,2023-12-14 05:13:41.051630
12.12,10.9,12.81,30.0,Hyperliquid,2023-12-14 05:13:41.051630
12.104,8287.2,12.9,292.6,Hyperliquid,2023-12-14 05:13:41.051630
12.1,1316.5,13.0,20.0,Hyperliquid,2023-12-14 05:13:41.051630
12.682,1025.7,12.686,1561.4,Hyperliquid,2023-12-14 06:18:37.329596
12.68,2066.2,12.687,6.0,Hyperliquid,2023-12-14 06:18:37.329596
12.679,6.0,12.688,3247.4,Hyperliquid,2023-12-14 06:18:37.329596
12.676,1196.4,12.69,3164.5,Hyperliquid,2023-12-14 06:18:37.329596
12.675,1173.7,12.699,3183.3,Hyperliquid,2023-12-14 06:18:37.329596
12.662,2084.1,12.706,78.7,Hyperliquid,2023-12-14 06:18:37.329596
12.66,98.7,12.718,98.3,Hyperliquid,2023-12-14 06:18:37.329596
12.659,98.7,12.719,1509.5,Hyperliquid,2023-12-14 06:18:37.329596
12.651,1510.2,12.72,98.3,Hyperliquid,2023-12-14 06:18:37.329596
12.649,1590.9,12.721,1438.1,Hyperliquid,2023-12-14 06:18:37.329596
12.611,1733.5,12.749,1623.4,Hyperliquid,2023-12-14 06:18:37.329596
12.607,1504.0,12.752,1684.1,Hyperliquid,2023-12-14 06:18:37.329596
12.534,7785.9,12.811,7631.7,Hyperliquid,2023-12-14 06:18:37.329596
12.533,7523.8,12.813,8562.5,Hyperliquid,2023-12-14 06:18:37.329596
12.489,8133.2,12.872,15357.4,Hyperliquid,2023-12-14 06:18:37.329596
12.484,8190.9,12.9,292.6,Hyperliquid,2023-12-14 06:18:37.329596
12.455,2393.8,13.0,20.0,Hyperliquid,2023-12-14 06:18:37.329596
12.362,15994.1,13.025,8333.8,Hyperliquid,2023-12-14 06:18:37.329596
12.289,1795.4,13.043,7617.1,Hyperliquid,2023-12-14 06:18:37.329596
12.227,137.0,13.077,74.1,Hyperliquid,2023-12-14 06:18:37.329596
12.573,858.0,12.576,1523.7,Hyperliquid,2023-12-14 07:13:10.270486
12.572,6.0,12.577,1496.1,Hyperliquid,2023-12-14 07:13:10.270486
12.569,1498.6,12.579,3099.6,Hyperliquid,2023-12-14 07:13:10.270486
12.564,773.5,12.58,1630.6,Hyperliquid,2023-12-14 07:13:10.270486
12.563,785.8,12.583,1583.0,Hyperliquid,2023-12-14 07:13:10.270486
12.555,79.4,12.589,1511.9,Hyperliquid,2023-12-14 07:13:10.270486
12.554,843.8,12.594,1455.7,Hyperliquid,2023-12-14 07:13:10.270486
12.553,99.6,12.597,79.4,Hyperliquid,2023-12-14 07:13:10.270486
12.551,739.5,12.606,99.2,Hyperliquid,2023-12-14 07:13:10.270486
12.53,1477.7,12.607,1718.8,Hyperliquid,2023-12-14 07:13:10.270486
12.528,1499.6,12.609,99.1,Hyperliquid,2023-12-14 07:13:10.270486
12.483,3201.2,12.61,1567.9,Hyperliquid,2023-12-14 07:13:10.270486
12.44,0.8,12.63,1486.3,Hyperliquid,2023-12-14 07:13:10.270486
12.43,0.8,12.64,1732.1,Hyperliquid,2023-12-14 07:13:10.270486
12.42,0.8,12.683,7254.4,Hyperliquid,2023-12-14 07:13:10.270486
12.41,0.8,12.69,7609.7,Hyperliquid,2023-12-14 07:13:10.270486
12.4,0.8,12.738,8146.7,Hyperliquid,2023-12-14 07:13:10.270486
12.39,1.2,12.761,7025.5,Hyperliquid,2023-12-14 07:13:10.270486
12.38,1.2,12.839,7179.3,Hyperliquid,2023-12-14 07:13:10.270486
12.37,1.2,12.858,7963.1,Hyperliquid,2023-12-14 07:13:10.270486
13.429,1182.3,13.436,1283.7,Hyperliquid,2023-12-14 08:18:17.893248
13.425,3369.7,13.439,1590.0,Hyperliquid,2023-12-14 08:18:17.893248
13.422,1192.5,13.44,1280.7,Hyperliquid,2023-12-14 08:18:17.893248
13.415,1176.6,13.441,1507.3,Hyperliquid,2023-12-14 08:18:17.893248
13.413,74.3,13.444,1308.8,Hyperliquid,2023-12-14 08:18:17.893248
13.412,1376.7,13.446,1296.8,Hyperliquid,2023-12-14 08:18:17.893248
13.402,93.3,13.45,1408.7,Hyperliquid,2023-12-14 08:18:17.893248
13.401,1237.8,13.452,1527.6,Hyperliquid,2023-12-14 08:18:17.893248
13.4,1165.9,13.453,92.9,Hyperliquid,2023-12-14 08:18:17.893248
13.396,93.3,13.457,1275.1,Hyperliquid,2023-12-14 08:18:17.893248
13.386,93.4,13.461,1266.7,Hyperliquid,2023-12-14 08:18:17.893248
13.385,1465.3,13.462,74.3,Hyperliquid,2023-12-14 08:18:17.893248
13.384,1270.8,13.479,2879.5,Hyperliquid,2023-12-14 08:18:17.893248
13.353,2819.7,13.482,67.1,Hyperliquid,2023-12-14 08:18:17.893248
13.302,6889.0,13.503,1485.4,Hyperliquid,2023-12-14 08:18:17.893248
13.3,71.3,13.505,1389.7,Hyperliquid,2023-12-14 08:18:17.893248
13.276,6788.8,13.51,13.5,Hyperliquid,2023-12-14 08:18:17.893248
13.272,483.3,13.556,6652.1,Hyperliquid,2023-12-14 08:18:17.893248
13.256,483.3,13.58,7330.8,Hyperliquid,2023-12-14 08:18:17.893248
13.24,483.3,13.624,7112.3,Hyperliquid,2023-12-14 08:18:17.893248
13.349,1503.3,13.353,1434.0,Hyperliquid,2023-12-14 09:14:11.326437
13.348,698.1,13.354,1462.2,Hyperliquid,2023-12-14 09:14:11.326437
13.347,4474.7,13.355,1448.0,Hyperliquid,2023-12-14 09:14:11.326437
13.346,1538.2,13.356,1391.5,Hyperliquid,2023-12-14 09:14:11.326437
13.344,2941.8,13.358,6.0,Hyperliquid,2023-12-14 09:14:11.326437
13.343,1570.0,13.36,2706.7,Hyperliquid,2023-12-14 09:14:11.326437
13.339,1419.4,13.365,1524.5,Hyperliquid,2023-12-14 09:14:11.326437
13.336,1516.9,13.366,1457.6,Hyperliquid,2023-12-14 09:14:11.326437
13.335,1398.6,13.369,74.8,Hyperliquid,2023-12-14 09:14:11.326437
13.323,93.8,13.375,93.5,Hyperliquid,2023-12-14 09:14:11.326437
13.322,3071.2,13.376,1505.1,Hyperliquid,2023-12-14 09:14:11.326437
13.32,74.8,13.38,93.4,Hyperliquid,2023-12-14 09:14:11.326437
13.288,3128.5,13.381,1562.7,Hyperliquid,2023-12-14 09:14:11.326437
13.242,7652.0,13.404,1442.5,Hyperliquid,2023-12-14 09:14:11.326437
13.235,8003.5,13.409,1403.0,Hyperliquid,2023-12-14 09:14:11.326437
13.205,76.7,13.449,7932.1,Hyperliquid,2023-12-14 09:14:11.326437
13.161,8195.2,13.45,7521.2,Hyperliquid,2023-12-14 09:14:11.326437
13.16,7393.3,13.503,7704.0,Hyperliquid,2023-12-14 09:14:11.326437
13.1,12.6,13.51,13.5,Hyperliquid,2023-12-14 09:14:11.326437
13.081,8374.4,13.517,8044.7,Hyperliquid,2023-12-14 09:14:11.326437
13.171,1617.9,13.174,1550.4,Hyperliquid,2023-12-14 10:15:14.867670
13.17,2918.8,13.175,720.1,Hyperliquid,2023-12-14 10:15:14.867670
13.168,1531.8,13.176,3017.6,Hyperliquid,2023-12-14 10:15:14.867670
13.165,3093.2,13.177,1518.4,Hyperliquid,2023-12-14 10:15:14.867670
13.157,3185.3,13.179,1419.4,Hyperliquid,2023-12-14 10:15:14.867670
13.149,75.8,13.181,1448.9,Hyperliquid,2023-12-14 10:15:14.867670
13.145,95.1,13.186,1530.5,Hyperliquid,2023-12-14 10:15:14.867670
13.144,95.1,13.189,1523.2,Hyperliquid,2023-12-14 10:15:14.867670
13.143,1451.0,13.202,1544.6,Hyperliquid,2023-12-14 10:15:14.867670
13.142,1418.9,13.203,94.7,Hyperliquid,2023-12-14 10:15:14.867670
13.122,3146.8,13.204,1531.6,Hyperliquid,2023-12-14 10:15:14.867670
13.1,2289.6,13.224,94.5,Hyperliquid,2023-12-14 10:15:14.867670
13.073,7254.2,13.225,3139.9,Hyperliquid,2023-12-14 10:15:14.867670
13.07,7510.5,13.278,6883.0,Hyperliquid,2023-12-14 10:15:14.867670
13.069,87.8,13.292,7830.9,Hyperliquid,2023-12-14 10:15:14.867670
13.058,21.2,13.324,7440.7,Hyperliquid,2023-12-14 10:15:14.867670
13.04,50.0,13.348,6937.2,Hyperliquid,2023-12-14 10:15:14.867670
12.996,7502.9,13.433,8179.0,Hyperliquid,2023-12-14 10:15:14.867670
12.995,6974.7,13.434,74.4,Hyperliquid,2023-12-14 10:15:14.867670
12.992,93.3,13.459,7885.4,Hyperliquid,2023-12-14 10:15:14.867670
13.327,3004.2,13.335,1579.4,Hyperliquid,2023-12-14 11:12:28.917097
13.326,680.9,13.337,3117.5,Hyperliquid,2023-12-14 11:12:28.917097
13.325,1497.4,13.34,3208.7,Hyperliquid,2023-12-14 11:12:28.917097
13.324,2720.1,13.348,1423.1,Hyperliquid,2023-12-14 11:12:28.917097
13.323,1650.0,13.35,1429.2,Hyperliquid,2023-12-14 11:12:28.917097
13.322,1648.1,13.361,1536.7,Hyperliquid,2023-12-14 11:12:28.917097
13.319,2817.6,13.363,93.5,Hyperliquid,2023-12-14 11:12:28.917097
13.315,1603.8,13.365,1643.2,Hyperliquid,2023-12-14 11:12:28.917097
13.311,3120.1,13.368,93.5,Hyperliquid,2023-12-14 11:12:28.917097
13.305,93.9,13.387,1453.7,Hyperliquid,2023-12-14 11:12:28.917097
13.303,1366.2,13.391,1540.7,Hyperliquid,2023-12-14 11:12:28.917097
13.301,94.0,13.4,566.5,Hyperliquid,2023-12-14 11:12:28.917097
13.3,716.9,13.42,74.5,Hyperliquid,2023-12-14 11:12:28.917097
13.298,1524.5,13.446,7101.2,Hyperliquid,2023-12-14 11:12:28.917097
13.295,74.9,13.448,7169.6,Hyperliquid,2023-12-14 11:12:28.917097
13.276,1363.7,13.487,14918.0,Hyperliquid,2023-12-14 11:12:28.917097
13.267,1559.7,13.571,6639.5,Hyperliquid,2023-12-14 11:12:28.917097
13.212,14997.0,13.572,6864.9,Hyperliquid,2023-12-14 11:12:28.917097
13.2,1800.0,13.722,140.5,Hyperliquid,2023-12-14 11:12:28.917097
13.168,6952.2,13.8,1391.9,Hyperliquid,2023-12-14 11:12:28.917097
13.665,1303.0,13.669,1457.3,Hyperliquid,2023-12-14 12:27:11.161624
13.664,648.1,13.67,2851.2,Hyperliquid,2023-12-14 12:27:11.161624
13.662,2364.1,13.674,3058.3,Hyperliquid,2023-12-14 12:27:11.161624
13.659,1332.1,13.68,1574.5,Hyperliquid,2023-12-14 12:27:11.161624
13.658,1229.7,13.681,1392.8,Hyperliquid,2023-12-14 12:27:11.161624
13.656,1349.0,13.685,1584.8,Hyperliquid,2023-12-14 12:27:11.161624
13.648,1231.2,13.696,1481.2,Hyperliquid,2023-12-14 12:27:11.161624
13.647,1332.6,13.702,91.2,Hyperliquid,2023-12-14 12:27:11.161624
13.636,91.7,13.703,1332.3,Hyperliquid,2023-12-14 12:27:11.161624
13.635,1434.5,13.725,1548.4,Hyperliquid,2023-12-14 12:27:11.161624
13.634,91.7,13.727,1443.9,Hyperliquid,2023-12-14 12:27:11.161624
13.628,1519.0,13.791,7247.7,Hyperliquid,2023-12-14 12:27:11.161624
13.595,1357.8,13.802,7898.3,Hyperliquid,2023-12-14 12:27:11.161624
13.593,1607.5,13.876,6768.8,Hyperliquid,2023-12-14 12:27:11.161624
13.538,7266.3,13.892,6580.2,Hyperliquid,2023-12-14 12:27:11.161624
13.53,7567.1,13.991,6454.1,Hyperliquid,2023-12-14 12:27:11.161624
13.5,135.0,13.992,7761.3,Hyperliquid,2023-12-14 12:27:11.161624
13.477,15023.0,13.994,80.6,Hyperliquid,2023-12-14 12:27:11.161624
13.45,443.2,14.0,200.0,Hyperliquid,2023-12-14 12:27:11.161624
13.369,7155.2,14.1,1000.0,Hyperliquid,2023-12-14 12:27:11.161624
13.458,1445.3,13.464,2926.0,Hyperliquid,2023-12-14 13:17:46.043784
13.455,1397.1,13.465,4489.9,Hyperliquid,2023-12-14 13:17:46.043784
13.448,1503.7,13.467,2913.6,Hyperliquid,2023-12-14 13:17:46.043784
13.442,2624.6,13.468,6.0,Hyperliquid,2023-12-14 13:17:46.043784
13.433,2932.4,13.471,1340.8,Hyperliquid,2023-12-14 13:17:46.043784
13.426,1345.9,13.473,1464.6,Hyperliquid,2023-12-14 13:17:46.043784
13.418,2846.5,13.474,1302.9,Hyperliquid,2023-12-14 13:17:46.043784
13.416,93.2,13.483,185.4,Hyperliquid,2023-12-14 13:17:46.043784
13.399,2847.2,13.484,1532.2,Hyperliquid,2023-12-14 13:17:46.043784
13.343,12556.4,13.487,1569.6,Hyperliquid,2023-12-14 13:17:46.043784
13.276,6750.6,13.488,1558.5,Hyperliquid,2023-12-14 13:17:46.043784
13.27,6938.5,13.499,1537.6,Hyperliquid,2023-12-14 13:17:46.043784
13.25,65.2,13.514,1448.6,Hyperliquid,2023-12-14 13:17:46.043784
13.22,15.8,13.516,1536.1,Hyperliquid,2023-12-14 13:17:46.043784
13.2,1815.4,13.529,1290.1,Hyperliquid,2023-12-14 13:17:46.043784
13.192,21.4,13.58,6221.7,Hyperliquid,2023-12-14 13:17:46.043784
13.152,6149.2,13.588,7178.9,Hyperliquid,2023-12-14 13:17:46.043784
13.146,7087.6,13.628,6806.6,Hyperliquid,2023-12-14 13:17:46.043784
13.1,1912.6,13.634,6204.2,Hyperliquid,2023-12-14 13:17:46.043784
13.069,87.8,13.736,7162.4,Hyperliquid,2023-12-14 13:17:46.043784
13.999,892.5,14.012,1188.3,Hyperliquid,2023-12-14 14:13:33.077345
13.995,995.6,14.013,6.0,Hyperliquid,2023-12-14 14:13:33.077345
13.991,945.2,14.017,2544.3,Hyperliquid,2023-12-14 14:13:33.077345
13.98,976.9,14.026,89.1,Hyperliquid,2023-12-14 14:13:33.077345
13.979,986.3,14.027,1180.5,Hyperliquid,2023-12-14 14:13:33.077345
13.972,980.2,14.029,1346.7,Hyperliquid,2023-12-14 14:13:33.077345
13.966,179.0,14.035,1254.2,Hyperliquid,2023-12-14 14:13:33.077345
13.965,1001.7,14.038,89.0,Hyperliquid,2023-12-14 14:13:33.077345
13.949,1261.7,14.039,1357.1,Hyperliquid,2023-12-14 14:13:33.077345
13.948,1342.5,14.054,1165.7,Hyperliquid,2023-12-14 14:13:33.077345
13.931,2.2,14.058,1292.4,Hyperliquid,2023-12-14 14:13:33.077345
13.911,1151.7,14.106,2385.7,Hyperliquid,2023-12-14 14:13:33.077345
13.907,1314.6,14.172,6152.2,Hyperliquid,2023-12-14 14:13:33.077345
13.897,2.3,14.173,5997.4,Hyperliquid,2023-12-14 14:13:33.077345
13.866,6.9,14.238,6272.2,Hyperliquid,2023-12-14 14:13:33.077345
13.862,2.4,14.244,5594.8,Hyperliquid,2023-12-14 14:13:33.077345
13.839,6729.1,14.3,25.0,Hyperliquid,2023-12-14 14:13:33.077345
13.828,2.5,14.37,263.5,Hyperliquid,2023-12-14 14:13:33.077345
13.82,5675.2,14.372,5341.4,Hyperliquid,2023-12-14 14:13:33.077345
13.793,2.5,14.405,5952.5,Hyperliquid,2023-12-14 14:13:33.077345
14.075,1319.0,14.08,891.0,Hyperliquid,2023-12-14 15:15:00.060411
14.074,1468.4,14.081,858.9,Hyperliquid,2023-12-14 15:15:00.060411
14.072,2827.4,14.082,972.3,Hyperliquid,2023-12-14 15:15:00.060411
14.07,1480.4,14.086,1705.7,Hyperliquid,2023-12-14 15:15:00.060411
14.068,1525.3,14.092,71.0,Hyperliquid,2023-12-14 15:15:00.060411
14.061,1466.3,14.097,847.6,Hyperliquid,2023-12-14 15:15:00.060411
14.06,1517.5,14.102,896.7,Hyperliquid,2023-12-14 15:15:00.060411
14.042,89.0,14.116,88.6,Hyperliquid,2023-12-14 15:15:00.060411
14.04,1473.7,14.12,88.5,Hyperliquid,2023-12-14 15:15:00.060411
14.039,1396.5,14.121,1349.7,Hyperliquid,2023-12-14 15:15:00.060411
14.013,89.2,14.122,1479.6,Hyperliquid,2023-12-14 15:15:00.060411
14.012,1294.7,14.157,1346.6,Hyperliquid,2023-12-14 15:15:00.060411
14.002,1439.3,14.17,1505.8,Hyperliquid,2023-12-14 15:15:00.060411
13.952,6929.5,14.263,7630.1,Hyperliquid,2023-12-14 15:15:00.060411
13.951,6965.3,14.264,6826.0,Hyperliquid,2023-12-14 15:15:00.060411
13.887,7871.7,14.33,7047.2,Hyperliquid,2023-12-14 15:15:00.060411
13.869,7274.0,14.348,7091.9,Hyperliquid,2023-12-14 15:15:00.060411
13.793,2.5,14.37,263.5,Hyperliquid,2023-12-14 15:15:00.060411
13.785,302.5,14.446,132.2,Hyperliquid,2023-12-14 15:15:00.060411
13.759,2.6,14.485,6196.2,Hyperliquid,2023-12-14 15:15:00.060411
13.635,663.8,13.639,1381.1,Hyperliquid,2023-12-14 16:15:48.680121
13.634,676.8,13.64,1365.7,Hyperliquid,2023-12-14 16:15:48.680121
13.633,1284.9,13.641,2753.2,Hyperliquid,2023-12-14 16:15:48.680121
13.631,1458.7,13.645,1316.8,Hyperliquid,2023-12-14 16:15:48.680121
13.628,2907.5,13.647,1401.2,Hyperliquid,2023-12-14 16:15:48.680121
13.621,1370.7,13.656,1404.4,Hyperliquid,2023-12-14 16:15:48.680121
13.619,1364.9,13.657,1438.9,Hyperliquid,2023-12-14 16:15:48.680121
13.612,73.2,13.67,1373.9,Hyperliquid,2023-12-14 16:15:48.680121
13.611,91.8,13.673,182.8,Hyperliquid,2023-12-14 16:15:48.680121
13.61,91.8,13.674,1345.0,Hyperliquid,2023-12-14 16:15:48.680121
13.609,1352.7,13.702,1406.6,Hyperliquid,2023-12-14 16:15:48.680121
13.607,1323.6,13.706,1520.4,Hyperliquid,2023-12-14 16:15:48.680121
13.592,372.8,13.755,6582.2,Hyperliquid,2023-12-14 16:15:48.680121
13.588,1554.0,13.758,6732.7,Hyperliquid,2023-12-14 16:15:48.680121
13.587,200.0,13.789,6233.2,Hyperliquid,2023-12-14 16:15:48.680121
13.586,3.0,13.818,7619.5,Hyperliquid,2023-12-14 16:15:48.680121
13.582,1485.3,13.894,6274.7,Hyperliquid,2023-12-14 16:15:48.680121
13.572,372.8,13.919,7643.0,Hyperliquid,2023-12-14 16:15:48.680121
13.567,89.1,14.3,46.3,Hyperliquid,2023-12-14 16:15:48.680121
13.566,35.9,14.446,132.2,Hyperliquid,2023-12-14 16:15:48.680121
14.265,1222.1,14.273,12.0,Hyperliquid,2023-12-14 17:13:22.140944
14.263,2539.5,14.276,343.2,Hyperliquid,2023-12-14 17:13:22.140944
14.26,1298.2,14.277,347.5,Hyperliquid,2023-12-14 17:13:22.140944
14.255,2779.9,14.283,1316.4,Hyperliquid,2023-12-14 17:13:22.140944
14.242,1262.7,14.284,583.6,Hyperliquid,2023-12-14 17:13:22.140944
14.241,1433.9,14.285,70.0,Hyperliquid,2023-12-14 17:13:22.140944
14.223,1356.3,14.292,1273.2,Hyperliquid,2023-12-14 17:13:22.140944
14.222,1356.1,14.306,87.4,Hyperliquid,2023-12-14 17:13:22.140944
14.187,1328.1,14.308,1229.0,Hyperliquid,2023-12-14 17:13:22.140944
14.186,1225.3,14.337,87.2,Hyperliquid,2023-12-14 17:13:22.140944
14.109,6202.2,14.338,1370.1,Hyperliquid,2023-12-14 17:13:22.140944
14.098,6824.6,14.339,1184.1,Hyperliquid,2023-12-14 17:13:22.140944
14.039,6775.9,14.396,1160.6,Hyperliquid,2023-12-14 17:13:22.140944
14.036,6317.4,14.397,1390.5,Hyperliquid,2023-12-14 17:13:22.140944
13.905,6463.1,14.446,132.2,Hyperliquid,2023-12-14 17:13:22.140944
13.882,5569.4,14.45,263.5,Hyperliquid,2023-12-14 17:13:22.140944
13.816,63.9,14.499,10.6,Hyperliquid,2023-12-14 17:13:22.140944
13.558,200.0,14.5,2053.3,Hyperliquid,2023-12-14 17:13:22.140944
13.552,375.8,14.507,5592.2,Hyperliquid,2023-12-14 17:13:22.140944
13.533,372.8,14.508,6416.9,Hyperliquid,2023-12-14 17:13:22.140944
14.475,6.0,14.486,703.9,Hyperliquid,2023-12-14 18:18:19.278686
14.472,3231.1,14.489,1391.4,Hyperliquid,2023-12-14 18:18:19.278686
14.471,2343.6,14.495,6.0,Hyperliquid,2023-12-14 18:18:19.278686
14.465,1269.6,14.497,1449.6,Hyperliquid,2023-12-14 18:18:19.278686
14.461,69.1,14.498,69.1,Hyperliquid,2023-12-14 18:18:19.278686
14.459,2950.4,14.504,775.7,Hyperliquid,2023-12-14 18:18:19.278686
14.446,1322.7,14.512,1515.7,Hyperliquid,2023-12-14 18:18:19.278686
14.443,1313.1,14.528,1331.7,Hyperliquid,2023-12-14 18:18:19.278686
14.438,86.6,14.536,2819.4,Hyperliquid,2023-12-14 18:18:19.278686
14.436,1268.9,14.541,86.0,Hyperliquid,2023-12-14 18:18:19.278686
14.402,1331.1,14.574,85.8,Hyperliquid,2023-12-14 18:18:19.278686
14.4,1493.3,14.575,2788.9,Hyperliquid,2023-12-14 18:18:19.278686
14.333,6318.5,14.641,7499.8,Hyperliquid,2023-12-14 18:18:19.278686
14.331,6984.2,14.678,12451.9,Hyperliquid,2023-12-14 18:18:19.278686
14.263,7661.8,14.7,6.8,Hyperliquid,2023-12-14 18:18:19.278686
14.261,7210.2,14.707,100.0,Hyperliquid,2023-12-14 18:18:19.278686
14.2,4.3,14.724,7437.0,Hyperliquid,2023-12-14 18:18:19.278686
14.13,7655.1,14.764,6685.5,Hyperliquid,2023-12-14 18:18:19.278686
14.129,6534.3,14.8,6.8,Hyperliquid,2023-12-14 18:18:19.278686
14.029,4.3,14.9,2506.7,Hyperliquid,2023-12-14 18:18:19.278686
14.482,627.7,14.485,648.1,Hyperliquid,2023-12-14 19:11:30.893365
14.481,741.2,14.487,320.6,Hyperliquid,2023-12-14 19:11:30.893365
14.48,6.0,14.488,1390.9,Hyperliquid,2023-12-14 19:11:30.893365
14.479,1397.2,14.489,1.1,Hyperliquid,2023-12-14 19:11:30.893365
14.478,1251.7,14.49,671.3,Hyperliquid,2023-12-14 19:11:30.893365
14.476,2968.9,14.494,712.6,Hyperliquid,2023-12-14 19:11:30.893365
14.464,1502.2,14.495,623.0,Hyperliquid,2023-12-14 19:11:30.893365
14.463,1272.3,14.5,69.0,Hyperliquid,2023-12-14 19:11:30.893365
14.45,1505.3,14.509,633.6,Hyperliquid,2023-12-14 19:11:30.893365
14.443,1515.7,14.512,735.9,Hyperliquid,2023-12-14 19:11:30.893365
14.413,86.7,14.528,172.0,Hyperliquid,2023-12-14 19:11:30.893365
14.412,86.7,14.529,1461.7,Hyperliquid,2023-12-14 19:11:30.893365
14.41,1485.0,14.535,1269.4,Hyperliquid,2023-12-14 19:11:30.893365
14.409,1466.4,14.574,1476.4,Hyperliquid,2023-12-14 19:11:30.893365
14.36,13863.1,14.582,1349.4,Hyperliquid,2023-12-14 19:11:30.893365
14.3,14.2,14.6,6.8,Hyperliquid,2023-12-14 19:11:30.893365
14.278,6591.8,14.668,6399.5,Hyperliquid,2023-12-14 19:11:30.893365
14.262,7062.5,14.682,6663.0,Hyperliquid,2023-12-14 19:11:30.893365
14.2,4.3,14.7,6.8,Hyperliquid,2023-12-14 19:11:30.893365
14.128,14367.4,14.707,100.0,Hyperliquid,2023-12-14 19:11:30.893365
14.161,2862.5,14.164,481.1,Hyperliquid,2023-12-14 20:15:21.337232
14.16,70.5,14.165,577.8,Hyperliquid,2023-12-14 20:15:21.337232
14.159,1302.9,14.167,1059.6,Hyperliquid,2023-12-14 20:15:21.337232
14.158,1550.7,14.168,1027.6,Hyperliquid,2023-12-14 20:15:21.337232
14.157,1411.7,14.172,2105.1,Hyperliquid,2023-12-14 20:15:21.337232
14.149,1431.8,14.184,985.7,Hyperliquid,2023-12-14 20:15:21.337232
14.148,88.4,14.186,1158.7,Hyperliquid,2023-12-14 20:15:21.337232
14.147,1507.0,14.197,70.5,Hyperliquid,2023-12-14 20:15:21.337232
14.137,88.4,14.209,1462.2,Hyperliquid,2023-12-14 20:15:21.337232
14.136,1481.0,14.21,1287.2,Hyperliquid,2023-12-14 20:15:21.337232
14.127,1407.6,14.245,87.8,Hyperliquid,2023-12-14 20:15:21.337232
14.118,25.6,14.246,1357.2,Hyperliquid,2023-12-14 20:15:21.337232
14.107,1304.9,14.247,87.7,Hyperliquid,2023-12-14 20:15:21.337232
14.092,1314.9,14.249,1529.5,Hyperliquid,2023-12-14 20:15:21.337232
14.058,25.6,14.323,7259.4,Hyperliquid,2023-12-14 20:15:21.337232
14.044,7603.5,14.326,7594.5,Hyperliquid,2023-12-14 20:15:21.337232
14.029,4.3,14.397,6931.8,Hyperliquid,2023-12-14 20:15:21.337232
14.026,7493.8,14.429,7397.2,Hyperliquid,2023-12-14 20:15:21.337232
14.02,600.8,14.478,39.8,Hyperliquid,2023-12-14 20:15:21.337232
14.0,750.9,14.57,1.6,Hyperliquid,2023-12-14 20:15:21.337232
13.999,71.3,14.007,2615.8,Hyperliquid,2023-12-14 21:12:25.513322
13.998,32.5,14.008,611.0,Hyperliquid,2023-12-14 21:12:25.513322
13.995,659.1,14.01,2.3,Hyperliquid,2023-12-14 21:12:25.513322
13.994,1532.9,14.013,71.3,Hyperliquid,2023-12-14 21:12:25.513322
13.993,2041.7,14.021,1259.2,Hyperliquid,2023-12-14 21:12:25.513322
13.991,1445.5,14.023,1389.6,Hyperliquid,2023-12-14 21:12:25.513322
13.98,1518.4,14.029,1353.7,Hyperliquid,2023-12-14 21:12:25.513322
13.978,1316.4,14.035,1529.7,Hyperliquid,2023-12-14 21:12:25.513322
13.976,2821.4,14.036,1271.3,Hyperliquid,2023-12-14 21:12:25.513322
13.966,2875.3,14.046,1549.3,Hyperliquid,2023-12-14 21:12:25.513322
13.952,89.6,14.052,89.0,Hyperliquid,2023-12-14 21:12:25.513322
13.951,1346.3,14.053,1307.9,Hyperliquid,2023-12-14 21:12:25.513322
13.95,1363.2,14.076,1544.9,Hyperliquid,2023-12-14 21:12:25.513322
13.923,1545.0,14.077,1474.4,Hyperliquid,2023-12-14 21:12:25.513322
13.922,1550.9,14.128,6967.6,Hyperliquid,2023-12-14 21:12:25.513322
13.85,6873.2,14.131,7032.1,Hyperliquid,2023-12-14 21:12:25.513322
13.832,7135.9,14.186,6942.4,Hyperliquid,2023-12-14 21:12:25.513322
13.8,0.9,14.187,6616.1,Hyperliquid,2023-12-14 21:12:25.513322
13.793,2.9,14.319,7311.3,Hyperliquid,2023-12-14 21:12:25.513322
13.778,7568.1,14.326,6670.6,Hyperliquid,2023-12-14 21:12:25.513322
13.808,1526.9,13.811,1344.3,Hyperliquid,2023-12-14 22:13:30.870019
13.806,3037.9,13.813,1253.6,Hyperliquid,2023-12-14 22:13:30.870019
13.802,3053.5,13.814,1188.0,Hyperliquid,2023-12-14 22:13:30.870019
13.798,72.4,13.815,72.4,Hyperliquid,2023-12-14 22:13:30.870019
13.793,1376.5,13.817,1236.8,Hyperliquid,2023-12-14 22:13:30.870019
13.791,1520.3,13.818,1259.7,Hyperliquid,2023-12-14 22:13:30.870019
13.782,119.4,13.827,1332.4,Hyperliquid,2023-12-14 22:13:30.870019
13.777,1440.5,13.828,90.4,Hyperliquid,2023-12-14 22:13:30.870019
13.775,1532.4,13.829,1120.0,Hyperliquid,2023-12-14 22:13:30.870019
13.768,181.6,13.847,90.3,Hyperliquid,2023-12-14 22:13:30.870019
13.764,180.4,13.849,1465.9,Hyperliquid,2023-12-14 22:13:30.870019
13.745,180.4,13.85,1444.8,Hyperliquid,2023-12-14 22:13:30.870019
13.743,1461.9,13.872,1557.2,Hyperliquid,2023-12-14 22:13:30.870019
13.735,1449.6,13.876,1511.6,Hyperliquid,2023-12-14 22:13:30.870019
13.727,180.4,13.953,15024.1,Hyperliquid,2023-12-14 22:13:30.870019
13.709,180.4,14.029,6674.1,Hyperliquid,2023-12-14 22:13:30.870019
13.691,180.4,14.041,6853.3,Hyperliquid,2023-12-14 22:13:30.870019
13.673,180.4,14.135,6911.5,Hyperliquid,2023-12-14 22:13:30.870019
13.666,7544.4,14.136,6844.6,Hyperliquid,2023-12-14 22:13:30.870019
13.663,7317.6,14.478,39.8,Hyperliquid,2023-12-14 22:13:30.870019
13.863,2827.9,13.871,1071.1,Hyperliquid,2023-12-14 23:14:25.953761
13.861,780.4,13.872,2075.6,Hyperliquid,2023-12-14 23:14:25.953761
13.86,2211.3,13.875,6.0,Hyperliquid,2023-12-14 23:14:25.953761
13.858,1560.2,13.876,72.1,Hyperliquid,2023-12-14 23:14:25.953761
13.856,3116.2,13.882,2045.0,Hyperliquid,2023-12-14 23:14:25.953761
13.852,1461.4,13.89,90.0,Hyperliquid,2023-12-14 23:14:25.953761
13.849,1425.4,13.891,90.0,Hyperliquid,2023-12-14 23:14:25.953761
13.841,2952.0,13.892,2146.3,Hyperliquid,2023-12-14 23:14:25.953761
13.825,90.4,13.908,1469.6,Hyperliquid,2023-12-14 23:14:25.953761
13.824,2737.5,13.916,1452.7,Hyperliquid,2023-12-14 23:14:25.953761
13.799,90.6,13.95,2829.9,Hyperliquid,2023-12-14 23:14:25.953761
13.798,2869.6,14.046,6760.0,Hyperliquid,2023-12-14 23:14:25.953761
13.782,119.4,14.053,7021.0,Hyperliquid,2023-12-14 23:14:25.953761
13.764,180.4,14.132,7159.6,Hyperliquid,2023-12-14 23:14:25.953761
13.745,180.4,14.139,6605.2,Hyperliquid,2023-12-14 23:14:25.953761
13.727,180.4,14.279,7369.3,Hyperliquid,2023-12-14 23:14:25.953761
13.724,7736.7,14.295,7455.8,Hyperliquid,2023-12-14 23:14:25.953761
13.723,7472.0,14.6,6.8,Hyperliquid,2023-12-14 23:14:25.953761
13.709,180.4,14.7,46.7,Hyperliquid,2023-12-14 23:14:25.953761
13.691,180.4,14.707,100.0,Hyperliquid,2023-12-14 23:14:25.953761
13.568,73.3,13.57,1299.1,Hyperliquid,2023-12-15 01:04:42.956058
13.567,1437.7,13.571,2908.4,Hyperliquid,2023-12-15 01:04:42.956058
13.566,694.5,13.576,2870.2,Hyperliquid,2023-12-15 01:04:42.956058
13.564,2915.9,13.581,73.6,Hyperliquid,2023-12-15 01:04:42.956058
13.563,1401.2,13.582,1369.7,Hyperliquid,2023-12-15 01:04:42.956058
13.559,1482.2,13.585,1485.3,Hyperliquid,2023-12-15 01:04:42.956058
13.558,1331.1,13.596,1413.8,Hyperliquid,2023-12-15 01:04:42.956058
13.557,1383.7,13.597,1360.7,Hyperliquid,2023-12-15 01:04:42.956058
13.548,3002.1,13.624,91.7,Hyperliquid,2023-12-15 01:04:42.956058
13.545,92.3,13.625,91.7,Hyperliquid,2023-12-15 01:04:42.956058
13.53,92.4,13.626,2806.3,Hyperliquid,2023-12-15 01:04:42.956058
13.527,3066.5,13.666,13918.6,Hyperliquid,2023-12-15 01:04:42.956058
13.494,3212.1,13.718,7371.5,Hyperliquid,2023-12-15 01:04:42.956058
13.429,7983.2,13.719,7028.0,Hyperliquid,2023-12-15 01:04:42.956058
13.42,266.2,13.832,7727.9,Hyperliquid,2023-12-15 01:04:42.956058
13.418,180.4,13.835,6763.8,Hyperliquid,2023-12-15 01:04:42.956058
13.41,7514.7,14.6,6.8,Hyperliquid,2023-12-15 01:04:42.956058
13.4,343.4,14.7,46.7,Hyperliquid,2023-12-15 01:04:42.956058
13.392,25.6,14.707,100.0,Hyperliquid,2023-12-15 01:04:42.956058
13.382,180.4,14.8,6.8,Hyperliquid,2023-12-15 01:04:42.956058
13.631,1490.9,13.633,622.2,Hyperliquid,2023-12-15 02:28:05.529147
13.63,679.8,13.634,651.9,Hyperliquid,2023-12-15 02:28:05.529147
13.628,3132.2,13.636,2697.2,Hyperliquid,2023-12-15 02:28:05.529147
13.625,73.3,13.64,2527.3,Hyperliquid,2023-12-15 02:28:05.529147
13.624,2853.2,13.641,73.3,Hyperliquid,2023-12-15 02:28:05.529147
13.614,3090.5,13.649,2576.0,Hyperliquid,2023-12-15 02:28:05.529147
13.594,92.0,13.666,91.5,Hyperliquid,2023-12-15 02:28:05.529147
13.593,92.0,13.667,2793.5,Hyperliquid,2023-12-15 02:28:05.529147
13.592,3120.4,13.694,91.3,Hyperliquid,2023-12-15 02:28:05.529147
13.567,3029.8,13.695,1590.6,Hyperliquid,2023-12-15 02:28:05.529147
13.5,20.0,13.697,1360.1,Hyperliquid,2023-12-15 02:28:05.529147
13.499,7878.5,13.768,6732.6,Hyperliquid,2023-12-15 02:28:05.529147
13.495,7599.2,13.775,6836.8,Hyperliquid,2023-12-15 02:28:05.529147
13.452,92.9,13.858,6916.3,Hyperliquid,2023-12-15 02:28:05.529147
13.447,14351.8,13.859,7504.2,Hyperliquid,2023-12-15 02:28:05.529147
13.42,266.2,13.967,7284.1,Hyperliquid,2023-12-15 02:28:05.529147
13.4,163.0,14.018,7763.8,Hyperliquid,2023-12-15 02:28:05.529147
13.392,25.6,14.3,495.0,Hyperliquid,2023-12-15 02:28:05.529147
13.35,0.9,14.55,2000.0,Hyperliquid,2023-12-15 02:28:05.529147
13.343,4.3,14.6,6.8,Hyperliquid,2023-12-15 02:28:05.529147
13.667,1479.7,13.67,1151.9,Hyperliquid,2023-12-15 03:15:26.521327
13.665,2872.9,13.673,1090.6,Hyperliquid,2023-12-15 03:15:26.521327
13.661,3046.8,13.675,1246.7,Hyperliquid,2023-12-15 03:15:26.521327
13.657,73.1,13.678,73.1,Hyperliquid,2023-12-15 03:15:26.521327
13.653,1445.5,13.684,1184.2,Hyperliquid,2023-12-15 03:15:26.521327
13.651,1454.2,13.685,1128.1,Hyperliquid,2023-12-15 03:15:26.521327
13.632,1577.7,13.7,182.4,Hyperliquid,2023-12-15 03:15:26.521327
13.631,1371.6,13.701,3093.7,Hyperliquid,2023-12-15 03:15:26.521327
13.611,91.8,13.727,1339.5,Hyperliquid,2023-12-15 03:15:26.521327
13.61,91.8,13.731,1521.6,Hyperliquid,2023-12-15 03:15:26.521327
13.602,3033.1,13.812,14417.4,Hyperliquid,2023-12-15 03:15:26.521327
13.538,7592.3,13.85,7397.5,Hyperliquid,2023-12-15 03:15:26.521327
13.519,8050.3,13.879,7345.9,Hyperliquid,2023-12-15 03:15:26.521327
13.5,20.0,13.986,6562.4,Hyperliquid,2023-12-15 03:15:26.521327
13.495,317.1,14.024,6956.5,Hyperliquid,2023-12-15 03:15:26.521327
13.448,7527.4,14.3,495.0,Hyperliquid,2023-12-15 03:15:26.521327
13.441,6741.4,14.6,6.8,Hyperliquid,2023-12-15 03:15:26.521327
13.425,127.7,14.7,46.7,Hyperliquid,2023-12-15 03:15:26.521327
13.42,266.2,14.707,100.0,Hyperliquid,2023-12-15 03:15:26.521327
13.4,163.0,14.8,6.8,Hyperliquid,2023-12-15 03:15:26.521327
13.754,1533.1,13.76,750.4,Hyperliquid,2023-12-15 04:17:17.979028
13.753,1433.3,13.761,378.6,Hyperliquid,2023-12-15 04:17:17.979028
13.752,1532.6,13.763,1445.5,Hyperliquid,2023-12-15 04:17:17.979028
13.749,72.6,13.765,72.6,Hyperliquid,2023-12-15 04:17:17.979028
13.746,2806.4,13.773,792.8,Hyperliquid,2023-12-15 04:17:17.979028
13.736,2820.3,13.774,90.8,Hyperliquid,2023-12-15 04:17:17.979028
13.725,1341.3,13.775,779.1,Hyperliquid,2023-12-15 04:17:17.979028
13.722,1521.3,13.791,90.6,Hyperliquid,2023-12-15 04:17:17.979028
13.702,91.2,13.792,700.4,Hyperliquid,2023-12-15 04:17:17.979028
13.701,91.2,13.793,769.2,Hyperliquid,2023-12-15 04:17:17.979028
13.7,50.0,13.818,3006.5,Hyperliquid,2023-12-15 04:17:17.979028
13.683,2991.6,13.858,1526.7,Hyperliquid,2023-12-15 04:17:17.979028
13.644,6614.1,13.862,1586.5,Hyperliquid,2023-12-15 04:17:17.979028
13.617,7971.3,13.954,6792.9,Hyperliquid,2023-12-15 04:17:17.979028
13.592,7008.1,13.957,7049.0,Hyperliquid,2023-12-15 04:17:17.979028
13.591,6690.9,14.04,6847.8,Hyperliquid,2023-12-15 04:17:17.979028
13.583,50.0,14.051,7030.8,Hyperliquid,2023-12-15 04:17:17.979028
13.5,20.0,14.198,7406.3,Hyperliquid,2023-12-15 04:17:17.979028
13.495,317.1,14.263,7005.2,Hyperliquid,2023-12-15 04:17:17.979028
13.466,50.0,14.3,495.0,Hyperliquid,2023-12-15 04:17:17.979028
13.624,1556.7,13.627,1138.4,Hyperliquid,2023-12-15 05:13:40.577122
13.623,1485.2,13.628,1082.7,Hyperliquid,2023-12-15 05:13:40.577122
13.621,3019.4,13.63,2337.7,Hyperliquid,2023-12-15 05:13:40.577122
13.618,73.4,13.633,2236.4,Hyperliquid,2023-12-15 05:13:40.577122
13.617,2743.5,13.644,1999.6,Hyperliquid,2023-12-15 05:13:40.577122
13.606,2861.1,13.657,183.0,Hyperliquid,2023-12-15 05:13:40.577122
13.592,1490.3,13.66,2977.5,Hyperliquid,2023-12-15 05:13:40.577122
13.59,92.0,13.702,1589.0,Hyperliquid,2023-12-15 05:13:40.577122
13.589,1455.1,13.706,1355.4,Hyperliquid,2023-12-15 05:13:40.577122
13.557,92.2,13.766,7446.6,Hyperliquid,2023-12-15 05:13:40.577122
13.556,1543.3,13.767,7658.4,Hyperliquid,2023-12-15 05:13:40.577122
13.554,1354.5,13.867,14824.8,Hyperliquid,2023-12-15 05:13:40.577122
13.499,8115.8,13.9,250.0,Hyperliquid,2023-12-15 05:13:40.577122
13.498,8084.7,13.947,13559.9,Hyperliquid,2023-12-15 05:13:40.577122
13.431,7313.5,14.3,495.0,Hyperliquid,2023-12-15 05:13:40.577122
13.425,127.7,14.6,6.8,Hyperliquid,2023-12-15 05:13:40.577122
13.42,266.2,14.7,46.7,Hyperliquid,2023-12-15 05:13:40.577122
13.415,6937.1,14.707,100.0,Hyperliquid,2023-12-15 05:13:40.577122
13.4,163.0,14.8,6.8,Hyperliquid,2023-12-15 05:13:40.577122
13.35,0.9,14.9,6.7,Hyperliquid,2023-12-15 05:13:40.577122
13.641,1469.6,13.644,1323.2,Hyperliquid,2023-12-15 06:18:46.265272
13.64,1544.0,13.647,2440.5,Hyperliquid,2023-12-15 06:18:46.265272
13.639,1510.2,13.65,2552.2,Hyperliquid,2023-12-15 06:18:46.265272
13.638,1576.5,13.651,10.5,Hyperliquid,2023-12-15 06:18:46.265272
13.635,1443.2,13.659,73.2,Hyperliquid,2023-12-15 06:18:46.265272
13.627,2800.7,13.66,2591.5,Hyperliquid,2023-12-15 06:18:46.265272
13.614,91.8,13.678,1506.0,Hyperliquid,2023-12-15 06:18:46.265272
13.612,1380.8,13.681,182.8,Hyperliquid,2023-12-15 06:18:46.265272
13.61,91.8,13.682,1321.2,Hyperliquid,2023-12-15 06:18:46.265272
13.609,1434.2,13.707,1336.9,Hyperliquid,2023-12-15 06:18:46.265272
13.582,1333.4,13.708,1345.0,Hyperliquid,2023-12-15 06:18:46.265272
13.573,1593.1,13.785,6634.1,Hyperliquid,2023-12-15 06:18:46.265272
13.523,7193.9,13.787,6658.1,Hyperliquid,2023-12-15 06:18:46.265272
13.52,7022.7,13.822,7554.8,Hyperliquid,2023-12-15 06:18:46.265272
13.456,7173.3,13.85,6950.7,Hyperliquid,2023-12-15 06:18:46.265272
13.454,8146.7,13.9,250.0,Hyperliquid,2023-12-15 06:18:46.265272
13.35,0.9,13.95,6851.5,Hyperliquid,2023-12-15 06:18:46.265272
13.348,50.0,13.995,7019.6,Hyperliquid,2023-12-15 06:18:46.265272
13.343,4.3,14.3,495.0,Hyperliquid,2023-12-15 06:18:46.265272
13.317,102.5,14.6,6.8,Hyperliquid,2023-12-15 06:18:46.265272
13.863,1453.9,13.866,1241.2,Hyperliquid,2023-12-15 07:13:12.761697
13.862,695.6,13.868,1370.2,Hyperliquid,2023-12-15 07:13:12.761697
13.861,2940.1,13.87,1364.3,Hyperliquid,2023-12-15 07:13:12.761697
13.857,1488.7,13.872,1190.7,Hyperliquid,2023-12-15 07:13:12.761697
13.855,1449.5,13.874,1214.5,Hyperliquid,2023-12-15 07:13:12.761697
13.849,1450.0,13.876,72.1,Hyperliquid,2023-12-15 07:13:12.761697
13.847,1309.8,13.884,2650.9,Hyperliquid,2023-12-15 07:13:12.761697
13.836,1381.6,13.899,89.9,Hyperliquid,2023-12-15 07:13:12.761697
13.831,90.4,13.9,250.0,Hyperliquid,2023-12-15 07:13:12.761697
13.83,1432.6,13.901,1512.5,Hyperliquid,2023-12-15 07:13:12.761697
13.806,1578.6,13.903,1530.1,Hyperliquid,2023-12-15 07:13:12.761697
13.803,1554.3,13.941,89.7,Hyperliquid,2023-12-15 07:13:12.761697
13.739,7121.2,13.943,1379.1,Hyperliquid,2023-12-15 07:13:12.761697
13.715,7835.1,13.945,1499.2,Hyperliquid,2023-12-15 07:13:12.761697
13.661,14457.0,14.013,14941.5,Hyperliquid,2023-12-15 07:13:12.761697
13.515,6881.4,14.063,6545.1,Hyperliquid,2023-12-15 07:13:12.761697
13.512,8125.6,14.065,6901.1,Hyperliquid,2023-12-15 07:13:12.761697
13.35,0.9,14.176,6989.3,Hyperliquid,2023-12-15 07:13:12.761697
13.348,50.0,14.225,6400.9,Hyperliquid,2023-12-15 07:13:12.761697
13.343,4.3,14.3,495.0,Hyperliquid,2023-12-15 07:13:12.761697
13.712,2768.7,13.716,1531.4,Hyperliquid,2023-12-15 08:18:37.234984
13.711,1437.9,13.718,2798.7,Hyperliquid,2023-12-15 08:18:37.234984
13.708,2980.3,13.719,1560.9,Hyperliquid,2023-12-15 08:18:37.234984
13.699,91.2,13.722,1514.4,Hyperliquid,2023-12-15 08:18:37.234984
13.698,1333.8,13.723,1381.7,Hyperliquid,2023-12-15 08:18:37.234984
13.697,1429.3,13.729,1352.9,Hyperliquid,2023-12-15 08:18:37.234984
13.686,91.3,13.731,1463.2,Hyperliquid,2023-12-15 08:18:37.234984
13.684,2808.7,13.733,72.8,Hyperliquid,2023-12-15 08:18:37.234984
13.656,2957.9,13.743,1382.6,Hyperliquid,2023-12-15 08:18:37.234984
13.618,7939.4,13.745,1310.8,Hyperliquid,2023-12-15 08:18:37.234984
13.601,6627.6,13.754,90.9,Hyperliquid,2023-12-15 08:18:37.234984
13.547,7210.2,13.771,90.8,Hyperliquid,2023-12-15 08:18:37.234984
13.546,7781.1,13.772,1430.2,Hyperliquid,2023-12-15 08:18:37.234984
13.48,68.3,13.778,1436.8,Hyperliquid,2023-12-15 08:18:37.234984
13.409,6583.9,13.845,6589.4,Hyperliquid,2023-12-15 08:18:37.234984
13.408,6657.8,13.846,6816.5,Hyperliquid,2023-12-15 08:18:37.234984
13.363,47.7,13.85,4.0,Hyperliquid,2023-12-15 08:18:37.234984
13.35,0.9,13.879,7214.0,Hyperliquid,2023-12-15 08:18:37.234984
13.348,50.0,13.897,6822.0,Hyperliquid,2023-12-15 08:18:37.234984
13.343,4.3,13.975,6413.7,Hyperliquid,2023-12-15 08:18:37.234984
13.856,1422.9,13.863,1086.8,Hyperliquid,2023-12-15 09:14:25.026346
13.854,1463.6,13.864,3346.3,Hyperliquid,2023-12-15 09:14:25.026346
13.851,1358.3,13.867,2289.2,Hyperliquid,2023-12-15 09:14:25.026346
13.85,1559.8,13.87,1032.2,Hyperliquid,2023-12-15 09:14:25.026346
13.847,1541.2,13.871,1232.7,Hyperliquid,2023-12-15 09:14:25.026346
13.844,1347.0,13.873,1202.1,Hyperliquid,2023-12-15 09:14:25.026346
13.842,2935.4,13.88,90.1,Hyperliquid,2023-12-15 09:14:25.026346
13.834,3044.4,13.881,90.1,Hyperliquid,2023-12-15 09:14:25.026346
13.826,1342.0,13.882,1229.7,Hyperliquid,2023-12-15 09:14:25.026346
13.822,1537.4,13.883,1095.9,Hyperliquid,2023-12-15 09:14:25.026346
13.801,90.6,13.888,1040.2,Hyperliquid,2023-12-15 09:14:25.026346
13.8,90.6,13.902,1555.0,Hyperliquid,2023-12-15 09:14:25.026346
13.799,1559.1,13.903,1463.2,Hyperliquid,2023-12-15 09:14:25.026346
13.797,1557.6,13.951,3009.0,Hyperliquid,2023-12-15 09:14:25.026346
13.732,7609.6,14.022,7011.2,Hyperliquid,2023-12-15 09:14:25.026346
13.73,7259.7,14.025,6636.5,Hyperliquid,2023-12-15 09:14:25.026346
13.666,7455.8,14.103,7389.6,Hyperliquid,2023-12-15 09:14:25.026346
13.664,7438.1,14.104,6436.1,Hyperliquid,2023-12-15 09:14:25.026346
13.532,7642.3,14.204,14193.8,Hyperliquid,2023-12-15 09:14:25.026346
13.531,7528.1,14.3,495.0,Hyperliquid,2023-12-15 09:14:25.026346
13.712,1430.0,13.715,1180.6,Hyperliquid,2023-12-15 10:15:26.124381
13.71,4255.0,13.716,1190.6,Hyperliquid,2023-12-15 10:15:26.124381
13.708,1369.3,13.717,1011.9,Hyperliquid,2023-12-15 10:15:26.124381
13.707,1535.1,13.718,1195.3,Hyperliquid,2023-12-15 10:15:26.124381
13.706,1362.7,13.719,1224.0,Hyperliquid,2023-12-15 10:15:26.124381
13.704,1508.5,13.721,72.9,Hyperliquid,2023-12-15 10:15:26.124381
13.703,1586.0,13.723,2263.6,Hyperliquid,2023-12-15 10:15:26.124381
13.694,1586.3,13.728,1009.0,Hyperliquid,2023-12-15 10:15:26.124381
13.692,1593.5,13.729,1219.9,Hyperliquid,2023-12-15 10:15:26.124381
13.69,1479.9,13.734,1199.0,Hyperliquid,2023-12-15 10:15:26.124381
13.675,91.4,13.735,91.0,Hyperliquid,2023-12-15 10:15:26.124381
13.674,2790.8,13.736,91.0,Hyperliquid,2023-12-15 10:15:26.124381
13.65,91.6,13.746,1531.4,Hyperliquid,2023-12-15 10:15:26.124381
13.649,1576.7,13.748,1452.7,Hyperliquid,2023-12-15 10:15:26.124381
13.643,1340.7,13.779,1342.8,Hyperliquid,2023-12-15 10:15:26.124381
13.575,14281.0,13.793,1564.6,Hyperliquid,2023-12-15 10:15:26.124381
13.526,8019.5,13.847,6655.5,Hyperliquid,2023-12-15 10:15:26.124381
13.5,97.5,13.868,6882.8,Hyperliquid,2023-12-15 10:15:26.124381
13.491,7475.5,13.943,6813.1,Hyperliquid,2023-12-15 10:15:26.124381
13.48,68.3,13.955,6524.9,Hyperliquid,2023-12-15 10:15:26.124381
13.547,1452.4,13.55,1287.2,Hyperliquid,2023-12-15 11:12:20.139189
13.546,1502.1,13.551,2586.0,Hyperliquid,2023-12-15 11:12:20.139189
13.545,3007.9,13.555,2272.5,Hyperliquid,2023-12-15 11:12:20.139189
13.543,3083.8,13.562,1139.0,Hyperliquid,2023-12-15 11:12:20.139189
13.54,2762.6,13.565,1191.1,Hyperliquid,2023-12-15 11:12:20.139189
13.53,2860.2,13.579,184.2,Hyperliquid,2023-12-15 11:12:20.139189
13.515,92.5,13.58,1563.1,Hyperliquid,2023-12-15 11:12:20.139189
13.514,2933.9,13.583,1450.7,Hyperliquid,2023-12-15 11:12:20.139189
13.483,92.7,13.606,1614.0,Hyperliquid,2023-12-15 11:12:20.139189
13.482,1406.3,13.617,1494.5,Hyperliquid,2023-12-15 11:12:20.139189
13.478,1527.2,13.672,6917.2,Hyperliquid,2023-12-15 11:12:20.139189
13.4,14567.6,13.679,6597.9,Hyperliquid,2023-12-15 11:12:20.139189
13.363,47.7,13.727,7925.7,Hyperliquid,2023-12-15 11:12:20.139189
13.35,0.9,13.756,7864.9,Hyperliquid,2023-12-15 11:12:20.139189
13.348,50.0,13.885,7901.8,Hyperliquid,2023-12-15 11:12:20.139189
13.343,4.3,13.894,6518.8,Hyperliquid,2023-12-15 11:12:20.139189
13.341,7115.5,14.6,6.8,Hyperliquid,2023-12-15 11:12:20.139189
13.335,7969.1,14.7,46.7,Hyperliquid,2023-12-15 11:12:20.139189
13.317,102.5,14.707,100.0,Hyperliquid,2023-12-15 11:12:20.139189
13.3,67.7,14.8,6.8,Hyperliquid,2023-12-15 11:12:20.139189
13.294,1584.7,13.299,2655.4,Hyperliquid,2023-12-15 12:27:00.673725
13.291,2991.4,13.3,574.4,Hyperliquid,2023-12-15 12:27:00.673725
13.288,2789.8,13.303,3576.0,Hyperliquid,2023-12-15 12:27:00.673725
13.281,1533.0,13.307,1221.6,Hyperliquid,2023-12-15 12:27:00.673725
13.278,1608.1,13.314,2484.3,Hyperliquid,2023-12-15 12:27:00.673725
13.276,1430.8,13.318,1340.4,Hyperliquid,2023-12-15 12:27:00.673725
13.266,94.2,13.331,2900.6,Hyperliquid,2023-12-15 12:27:00.673725
13.265,1552.1,13.338,93.7,Hyperliquid,2023-12-15 12:27:00.673725
13.262,1363.0,13.339,93.7,Hyperliquid,2023-12-15 12:27:00.673725
13.251,94.3,13.34,1376.0,Hyperliquid,2023-12-15 12:27:00.673725
13.25,441.0,13.37,1562.6,Hyperliquid,2023-12-15 12:27:00.673725
13.242,1452.8,13.372,1493.9,Hyperliquid,2023-12-15 12:27:00.673725
13.233,107.0,13.437,8182.3,Hyperliquid,2023-12-15 12:27:00.673725
13.231,50.0,13.439,7564.9,Hyperliquid,2023-12-15 12:27:00.673725
13.228,1566.4,13.516,14686.4,Hyperliquid,2023-12-15 12:27:00.673725
13.219,440.1,13.66,6665.7,Hyperliquid,2023-12-15 12:27:00.673725
13.21,176.1,13.671,7719.3,Hyperliquid,2023-12-15 12:27:00.673725
13.2,341.8,14.7,39.9,Hyperliquid,2023-12-15 12:27:00.673725
13.188,440.1,14.707,100.0,Hyperliquid,2023-12-15 12:27:00.673725
13.187,15076.3,15.0,15.0,Hyperliquid,2023-12-15 12:27:00.673725
13.196,1538.8,13.2,1247.4,Hyperliquid,2023-12-15 13:17:38.845741
13.194,2791.0,13.202,2521.0,Hyperliquid,2023-12-15 13:17:38.845741
13.19,75.7,13.207,2388.6,Hyperliquid,2023-12-15 13:17:38.845741
13.189,3187.3,13.212,75.7,Hyperliquid,2023-12-15 13:17:38.845741
13.178,3150.1,13.215,1283.6,Hyperliquid,2023-12-15 13:17:38.845741
13.165,1369.5,13.217,1187.4,Hyperliquid,2023-12-15 13:17:38.845741
13.163,95.0,13.232,94.5,Hyperliquid,2023-12-15 13:17:38.845741
13.162,1500.1,13.233,94.5,Hyperliquid,2023-12-15 13:17:38.845741
13.125,95.2,13.234,2846.5,Hyperliquid,2023-12-15 13:17:38.845741
13.124,1641.3,13.269,2894.3,Hyperliquid,2023-12-15 13:17:38.845741
13.123,1516.3,13.322,6980.1,Hyperliquid,2023-12-15 13:17:38.845741
13.11,66.1,13.336,7796.0,Hyperliquid,2023-12-15 13:17:38.845741
13.1,276.4,13.38,7206.2,Hyperliquid,2023-12-15 13:17:38.845741
13.098,40.0,13.412,6956.1,Hyperliquid,2023-12-15 13:17:38.845741
13.094,440.1,13.513,7922.9,Hyperliquid,2023-12-15 13:17:38.845741
13.09,146.8,13.52,8068.0,Hyperliquid,2023-12-15 13:17:38.845741
13.078,40.0,14.7,39.9,Hyperliquid,2023-12-15 13:17:38.845741
13.067,115.9,14.707,100.0,Hyperliquid,2023-12-15 13:17:38.845741
13.063,440.1,15.0,15.0,Hyperliquid,2023-12-15 13:17:38.845741
13.062,7491.3,15.269,2000.0,Hyperliquid,2023-12-15 13:17:38.845741
13.206,756.0,13.211,1095.0,Hyperliquid,2023-12-15 14:13:15.009178
13.205,3227.3,13.213,2422.9,Hyperliquid,2023-12-15 14:13:15.009178
13.201,2948.0,13.216,75.6,Hyperliquid,2023-12-15 14:13:15.009178
13.192,75.6,13.218,2638.0,Hyperliquid,2023-12-15 14:13:15.009178
13.191,3106.3,13.22,1174.7,Hyperliquid,2023-12-15 14:13:15.009178
13.178,1517.2,13.223,1179.9,Hyperliquid,2023-12-15 14:13:15.009178
13.177,1583.5,13.228,94.5,Hyperliquid,2023-12-15 14:13:15.009178
13.148,95.1,13.229,2300.8,Hyperliquid,2023-12-15 14:13:15.009178
13.147,1396.6,13.238,1099.7,Hyperliquid,2023-12-15 14:13:15.009178
13.145,1658.6,13.248,1527.1,Hyperliquid,2023-12-15 14:13:15.009178
13.089,13976.0,13.25,1474.1,Hyperliquid,2023-12-15 14:13:15.009178
13.028,8061.4,13.286,1610.4,Hyperliquid,2023-12-15 14:13:15.009178
13.026,7667.4,13.292,1370.2,Hyperliquid,2023-12-15 14:13:15.009178
12.914,8288.5,13.359,7632.1,Hyperliquid,2023-12-15 14:13:15.009178
12.911,54.4,13.373,7559.4,Hyperliquid,2023-12-15 14:13:15.009178
12.906,440.1,13.444,15050.7,Hyperliquid,2023-12-15 14:13:15.009178
12.903,54.9,13.545,14495.3,Hyperliquid,2023-12-15 14:13:15.009178
12.9,978.3,14.1,3.1,Hyperliquid,2023-12-15 14:13:15.009178
12.895,1670.8,14.7,39.9,Hyperliquid,2023-12-15 14:13:15.009178
12.894,40.0,14.707,100.0,Hyperliquid,2023-12-15 14:13:15.009178
13.222,1533.1,13.228,809.3,Hyperliquid,2023-12-15 15:14:26.745021
13.219,2945.9,13.232,1420.3,Hyperliquid,2023-12-15 15:14:26.745021
13.217,1512.2,13.235,75.6,Hyperliquid,2023-12-15 15:14:26.745021
13.214,1564.2,13.24,1488.0,Hyperliquid,2023-12-15 15:14:26.745021
13.208,1430.1,13.255,94.3,Hyperliquid,2023-12-15 15:14:26.745021
13.207,75.5,13.256,732.3,Hyperliquid,2023-12-15 15:14:26.745021
13.205,1555.3,13.259,749.5,Hyperliquid,2023-12-15 15:14:26.745021
13.194,2872.7,13.286,3066.3,Hyperliquid,2023-12-15 15:14:26.745021
13.164,190.0,13.31,100.0,Hyperliquid,2023-12-15 15:14:26.745021
13.163,1404.5,13.326,1577.5,Hyperliquid,2023-12-15 15:14:26.745021
13.157,1451.8,13.334,1414.9,Hyperliquid,2023-12-15 15:14:26.745021
13.084,16038.1,13.431,7928.5,Hyperliquid,2023-12-15 15:14:26.745021
13.017,7197.2,13.432,8163.8,Hyperliquid,2023-12-15 15:14:26.745021
13.011,8100.7,13.538,13665.8,Hyperliquid,2023-12-15 15:14:26.745021
12.925,7219.2,13.75,50.0,Hyperliquid,2023-12-15 15:14:26.745021
12.911,54.4,13.786,6868.4,Hyperliquid,2023-12-15 15:14:26.745021
12.906,440.1,13.791,7665.0,Hyperliquid,2023-12-15 15:14:26.745021
12.903,54.9,14.0,45.0,Hyperliquid,2023-12-15 15:14:26.745021
12.9,978.3,14.1,3.1,Hyperliquid,2023-12-15 15:14:26.745021
12.895,8674.2,14.7,39.9,Hyperliquid,2023-12-15 15:14:26.745021
13.767,1126.5,13.781,531.7,Hyperliquid,2023-12-15 16:18:49.329432
13.762,72.5,13.784,296.9,Hyperliquid,2023-12-15 16:18:49.329432
13.76,2187.5,13.791,543.0,Hyperliquid,2023-12-15 16:18:49.329432
13.748,2071.4,13.795,90.6,Hyperliquid,2023-12-15 16:18:49.329432
13.734,91.0,13.796,504.6,Hyperliquid,2023-12-15 16:18:49.329432
13.733,2122.8,13.809,90.5,Hyperliquid,2023-12-15 16:18:49.329432
13.712,91.2,13.81,1044.5,Hyperliquid,2023-12-15 16:18:49.329432
13.711,2146.3,13.812,72.5,Hyperliquid,2023-12-15 16:18:49.329432
13.673,2106.1,13.821,90.4,Hyperliquid,2023-12-15 16:18:49.329432
13.594,6738.3,13.823,474.7,Hyperliquid,2023-12-15 16:18:49.329432
13.587,7429.8,13.83,521.3,Hyperliquid,2023-12-15 16:18:49.329432
13.528,7870.2,13.862,2086.0,Hyperliquid,2023-12-15 16:18:49.329432
13.498,7274.0,13.9,50.0,Hyperliquid,2023-12-15 16:18:49.329432
13.333,6937.9,13.935,863.7,Hyperliquid,2023-12-15 16:18:49.329432
13.331,6289.2,13.937,942.0,Hyperliquid,2023-12-15 16:18:49.329432
13.3,100.0,14.0,45.0,Hyperliquid,2023-12-15 16:18:49.329432
12.911,54.4,14.019,5043.1,Hyperliquid,2023-12-15 16:18:49.329432
12.906,440.1,14.042,5243.4,Hyperliquid,2023-12-15 16:18:49.329432
12.903,54.9,14.129,5717.3,Hyperliquid,2023-12-15 16:18:49.329432
12.9,203.1,14.186,4858.4,Hyperliquid,2023-12-15 16:18:49.329432
13.568,1294.8,13.579,1401.0,Hyperliquid,2023-12-15 17:12:51.114678
13.566,1457.0,13.583,659.8,Hyperliquid,2023-12-15 17:12:51.114678
13.565,1305.8,13.586,749.4,Hyperliquid,2023-12-15 17:12:51.114678
13.56,1457.2,13.596,73.7,Hyperliquid,2023-12-15 17:12:51.114678
13.559,1352.8,13.597,704.6,Hyperliquid,2023-12-15 17:12:51.114678
13.551,73.6,13.6,669.3,Hyperliquid,2023-12-15 17:12:51.114678
13.55,1336.1,13.617,91.8,Hyperliquid,2023-12-15 17:12:51.114678
13.549,1498.7,13.624,1405.6,Hyperliquid,2023-12-15 17:12:51.114678
13.533,1508.9,13.632,1481.4,Hyperliquid,2023-12-15 17:12:51.114678
13.532,1368.7,13.665,2702.0,Hyperliquid,2023-12-15 17:12:51.114678
13.51,92.5,13.786,6643.6,Hyperliquid,2023-12-15 17:12:51.114678
13.509,92.5,13.794,6579.9,Hyperliquid,2023-12-15 17:12:51.114678
13.499,2918.3,13.869,13834.8,Hyperliquid,2023-12-15 17:12:51.114678
13.416,15446.2,14.0,97.5,Hyperliquid,2023-12-15 17:12:51.114678
13.368,7629.2,14.048,6555.8,Hyperliquid,2023-12-15 17:12:51.114678
13.362,7238.1,14.057,6173.6,Hyperliquid,2023-12-15 17:12:51.114678
13.238,7274.4,14.707,100.0,Hyperliquid,2023-12-15 17:12:51.114678
13.179,7047.1,15.0,15.0,Hyperliquid,2023-12-15 17:12:51.114678
12.911,54.4,15.269,2000.0,Hyperliquid,2023-12-15 17:12:51.114678
12.906,440.1,15.5,1500.0,Hyperliquid,2023-12-15 17:12:51.114678
13.55,1418.7,13.559,696.3,Hyperliquid,2023-12-15 18:17:54.154642
13.548,3095.7,13.562,737.7,Hyperliquid,2023-12-15 18:17:54.154642
13.538,1425.0,13.563,734.7,Hyperliquid,2023-12-15 18:17:54.154642
13.534,73.7,13.574,73.7,Hyperliquid,2023-12-15 18:17:54.154642
13.533,1434.9,13.578,1452.7,Hyperliquid,2023-12-15 18:17:54.154642
13.531,3076.9,13.583,700.1,Hyperliquid,2023-12-15 18:17:54.154642
13.512,3205.3,13.592,760.5,Hyperliquid,2023-12-15 18:17:54.154642
13.491,92.7,13.596,91.9,Hyperliquid,2023-12-15 18:17:54.154642
13.49,92.7,13.597,768.5,Hyperliquid,2023-12-15 18:17:54.154642
13.489,3138.7,13.62,1596.6,Hyperliquid,2023-12-15 18:17:54.154642
13.421,7644.6,13.623,1402.8,Hyperliquid,2023-12-15 18:17:54.154642
13.414,7021.7,13.668,1482.9,Hyperliquid,2023-12-15 18:17:54.154642
13.38,7123.6,13.669,1442.6,Hyperliquid,2023-12-15 18:17:54.154642
13.347,7007.9,13.77,6614.2,Hyperliquid,2023-12-15 18:17:54.154642
13.233,7032.5,13.772,7767.5,Hyperliquid,2023-12-15 18:17:54.154642
13.22,7129.5,13.836,7462.6,Hyperliquid,2023-12-15 18:17:54.154642
12.911,54.4,13.855,7276.6,Hyperliquid,2023-12-15 18:17:54.154642
12.906,440.1,14.0,97.5,Hyperliquid,2023-12-15 18:17:54.154642
12.903,54.9,14.053,7719.3,Hyperliquid,2023-12-15 18:17:54.154642
12.9,202.2,14.063,7617.0,Hyperliquid,2023-12-15 18:17:54.154642
14.248,1163.4,14.261,386.9,Hyperliquid,2023-12-15 19:11:40.781808
14.242,462.6,14.264,414.8,Hyperliquid,2023-12-15 19:11:40.781808
14.241,478.8,14.271,779.7,Hyperliquid,2023-12-15 19:11:40.781808
14.239,70.0,14.274,694.6,Hyperliquid,2023-12-15 19:11:40.781808
14.236,848.1,14.276,794.5,Hyperliquid,2023-12-15 19:11:40.781808
14.231,799.6,14.285,784.5,Hyperliquid,2023-12-15 19:11:40.781808
14.229,87.8,14.288,723.6,Hyperliquid,2023-12-15 19:11:40.781808
14.22,87.9,14.303,1479.2,Hyperliquid,2023-12-15 19:11:40.781808
14.219,931.7,14.311,70.0,Hyperliquid,2023-12-15 19:11:40.781808
14.218,801.8,14.314,892.7,Hyperliquid,2023-12-15 19:11:40.781808
14.215,87.9,14.327,87.2,Hyperliquid,2023-12-15 19:11:40.781808
14.211,888.4,14.338,811.6,Hyperliquid,2023-12-15 19:11:40.781808
14.201,932.0,14.34,828.5,Hyperliquid,2023-12-15 19:11:40.781808
14.189,910.9,14.374,852.5,Hyperliquid,2023-12-15 19:11:40.781808
14.187,854.7,14.382,783.5,Hyperliquid,2023-12-15 19:11:40.781808
14.141,893.1,14.457,3891.2,Hyperliquid,2023-12-15 19:11:40.781808
14.14,843.8,14.463,6131.1,Hyperliquid,2023-12-15 19:11:40.781808
14.126,13.8,14.5,250.0,Hyperliquid,2023-12-15 19:11:40.781808
14.094,5781.2,14.556,5403.6,Hyperliquid,2023-12-15 19:11:40.781808
14.087,224.3,14.558,5934.0,Hyperliquid,2023-12-15 19:11:40.781808
14.362,1394.7,14.364,1122.5,Hyperliquid,2023-12-15 20:15:05.253664
14.361,1379.6,14.367,2258.2,Hyperliquid,2023-12-15 20:15:05.253664
14.359,2770.7,14.369,1176.4,Hyperliquid,2023-12-15 20:15:05.253664
14.358,69.5,14.371,1278.6,Hyperliquid,2023-12-15 20:15:05.253664
14.355,2607.1,14.374,69.5,Hyperliquid,2023-12-15 20:15:05.253664
14.345,1418.7,14.379,1294.9,Hyperliquid,2023-12-15 20:15:05.253664
14.342,1455.1,14.38,1154.7,Hyperliquid,2023-12-15 20:15:05.253664
14.341,1473.0,14.398,86.8,Hyperliquid,2023-12-15 20:15:05.253664
14.327,87.2,14.399,86.8,Hyperliquid,2023-12-15 20:15:05.253664
14.326,1327.6,14.401,1339.3,Hyperliquid,2023-12-15 20:15:05.253664
14.324,1501.5,14.402,1521.5,Hyperliquid,2023-12-15 20:15:05.253664
14.301,87.4,14.427,1438.7,Hyperliquid,2023-12-15 20:15:05.253664
14.299,1341.2,14.438,1384.1,Hyperliquid,2023-12-15 20:15:05.253664
14.295,1429.5,14.492,6646.3,Hyperliquid,2023-12-15 20:15:05.253664
14.29,279.9,14.494,7106.2,Hyperliquid,2023-12-15 20:15:05.253664
14.211,7270.4,14.5,250.0,Hyperliquid,2023-12-15 20:15:05.253664
14.204,6847.0,14.542,6247.4,Hyperliquid,2023-12-15 20:15:05.253664
14.134,7755.2,14.551,6436.1,Hyperliquid,2023-12-15 20:15:05.253664
14.126,13.8,14.707,100.0,Hyperliquid,2023-12-15 20:15:05.253664
14.12,7418.2,14.722,7248.2,Hyperliquid,2023-12-15 20:15:05.253664
14.238,1452.6,14.242,1266.2,Hyperliquid,2023-12-15 21:12:15.031138
14.237,2919.4,14.244,2391.2,Hyperliquid,2023-12-15 21:12:15.031138
14.232,2797.5,14.247,2310.0,Hyperliquid,2023-12-15 21:12:15.031138
14.223,2707.3,14.254,2634.9,Hyperliquid,2023-12-15 21:12:15.031138
14.202,176.0,14.258,70.1,Hyperliquid,2023-12-15 21:12:15.031138
14.201,1420.4,14.274,87.6,Hyperliquid,2023-12-15 21:12:15.031138
14.2,1369.3,14.275,2878.4,Hyperliquid,2023-12-15 21:12:15.031138
14.171,1539.4,14.3,1468.5,Hyperliquid,2023-12-15 21:12:15.031138
14.17,1368.1,14.311,1354.6,Hyperliquid,2023-12-15 21:12:15.031138
14.102,13836.5,14.357,7051.7,Hyperliquid,2023-12-15 21:12:15.031138
14.008,6515.7,14.369,7636.0,Hyperliquid,2023-12-15 21:12:15.031138
14.007,7287.6,14.406,7054.7,Hyperliquid,2023-12-15 21:12:15.031138
13.943,224.3,14.434,6564.7,Hyperliquid,2023-12-15 21:12:15.031138
13.877,7759.2,14.5,250.0,Hyperliquid,2023-12-15 21:12:15.031138
13.872,7734.4,14.535,6347.0,Hyperliquid,2023-12-15 21:12:15.031138
13.812,22.8,14.594,7429.4,Hyperliquid,2023-12-15 21:12:15.031138
13.8,1824.8,14.707,100.0,Hyperliquid,2023-12-15 21:12:15.031138
13.648,1107.0,15.0,15.0,Hyperliquid,2023-12-15 21:12:15.031138
13.498,14.2,15.269,2000.0,Hyperliquid,2023-12-15 21:12:15.031138
13.398,159.8,15.5,1500.0,Hyperliquid,2023-12-15 21:12:15.031138
14.039,661.3,14.05,605.9,Hyperliquid,2023-12-15 22:13:07.371934
14.038,704.1,14.051,621.2,Hyperliquid,2023-12-15 22:13:07.371934
14.034,2654.9,14.055,2137.7,Hyperliquid,2023-12-15 22:13:07.371934
14.026,71.1,14.06,71.1,Hyperliquid,2023-12-15 22:13:07.371934
14.024,1165.6,14.068,1219.5,Hyperliquid,2023-12-15 22:13:07.371934
14.022,1286.3,14.071,88.8,Hyperliquid,2023-12-15 22:13:07.371934
14.012,1416.1,14.074,1098.2,Hyperliquid,2023-12-15 22:13:07.371934
14.007,89.2,14.081,88.8,Hyperliquid,2023-12-15 22:13:07.371934
14.006,89.2,14.084,2365.2,Hyperliquid,2023-12-15 22:13:07.371934
14.005,1186.7,14.101,1432.5,Hyperliquid,2023-12-15 22:13:07.371934
13.997,1467.2,14.102,1286.3,Hyperliquid,2023-12-15 22:13:07.371934
13.994,1206.8,14.13,1357.0,Hyperliquid,2023-12-15 22:13:07.371934
13.97,1329.8,14.143,1309.0,Hyperliquid,2023-12-15 22:13:07.371934
13.959,1325.9,14.214,12702.5,Hyperliquid,2023-12-15 22:13:07.371934
13.943,224.3,14.294,6777.3,Hyperliquid,2023-12-15 22:13:07.371934
13.882,13169.5,14.299,6813.5,Hyperliquid,2023-12-15 22:13:07.371934
13.832,6359.2,14.42,6962.5,Hyperliquid,2023-12-15 22:13:07.371934
13.825,7365.0,14.421,7416.6,Hyperliquid,2023-12-15 22:13:07.371934
13.812,22.8,14.5,248.1,Hyperliquid,2023-12-15 22:13:07.371934
13.8,1824.8,14.707,100.0,Hyperliquid,2023-12-15 22:13:07.371934
13.66,921.4,13.664,1434.3,Hyperliquid,2023-12-15 23:13:45.457538
13.656,1918.6,13.667,3022.5,Hyperliquid,2023-12-15 23:13:45.457538
13.654,1800.0,13.67,1409.7,Hyperliquid,2023-12-15 23:13:45.457538
13.648,73.1,13.671,1568.6,Hyperliquid,2023-12-15 23:13:45.457538
13.644,876.4,13.681,1597.6,Hyperliquid,2023-12-15 23:13:45.457538
13.64,910.4,13.682,1451.6,Hyperliquid,2023-12-15 23:13:45.457538
13.629,91.7,13.697,91.3,Hyperliquid,2023-12-15 23:13:45.457538
13.628,91.7,13.698,2778.8,Hyperliquid,2023-12-15 23:13:45.457538
13.627,1513.2,13.727,91.1,Hyperliquid,2023-12-15 23:13:45.457538
13.626,1496.8,13.728,2786.6,Hyperliquid,2023-12-15 23:13:45.457538
13.583,2887.3,13.791,10.6,Hyperliquid,2023-12-15 23:13:45.457538
13.496,6784.2,13.797,13575.0,Hyperliquid,2023-12-15 23:13:45.457538
13.494,6875.3,13.88,13915.4,Hyperliquid,2023-12-15 23:13:45.457538
13.457,14469.6,14.006,7345.3,Hyperliquid,2023-12-15 23:13:45.457538
13.277,13804.4,14.007,7150.9,Hyperliquid,2023-12-15 23:13:45.457538
13.0,2.7,14.4,150.0,Hyperliquid,2023-12-15 23:13:45.457538
12.81,156.1,14.5,248.1,Hyperliquid,2023-12-15 23:13:45.457538
12.8,500.0,14.707,100.0,Hyperliquid,2023-12-15 23:13:45.457538
12.684,439.1,15.0,15.0,Hyperliquid,2023-12-15 23:13:45.457538
12.634,8.0,15.269,2000.0,Hyperliquid,2023-12-15 23:13:45.457538
13.154,2908.4,13.157,1493.8,Hyperliquid,2023-12-16 01:03:11.679637
13.152,1540.9,13.158,2468.7,Hyperliquid,2023-12-16 01:03:11.679637
13.15,1427.1,13.159,1623.4,Hyperliquid,2023-12-16 01:03:11.679637
13.149,1599.5,13.161,2841.9,Hyperliquid,2023-12-16 01:03:11.679637
13.148,2978.6,13.162,2930.0,Hyperliquid,2023-12-16 01:03:11.679637
13.147,75.9,13.164,1503.1,Hyperliquid,2023-12-16 01:03:11.679637
13.146,2753.9,13.169,3114.6,Hyperliquid,2023-12-16 01:03:11.679637
13.14,1614.9,13.173,1506.1,Hyperliquid,2023-12-16 01:03:11.679637
13.139,1585.2,13.179,94.8,Hyperliquid,2023-12-16 01:03:11.679637
13.128,95.2,13.184,94.8,Hyperliquid,2023-12-16 01:03:11.679637
13.127,1457.4,13.186,1422.3,Hyperliquid,2023-12-16 01:03:11.679637
13.125,1593.7,13.187,1472.5,Hyperliquid,2023-12-16 01:03:11.679637
13.102,95.4,13.202,1433.4,Hyperliquid,2023-12-16 01:03:11.679637
13.101,1402.0,13.212,1562.0,Hyperliquid,2023-12-16 01:03:11.679637
13.091,1434.7,13.229,283.4,Hyperliquid,2023-12-16 01:03:11.679637
13.069,200.0,13.249,8273.6,Hyperliquid,2023-12-16 01:03:11.679637
13.031,15617.5,13.265,7443.2,Hyperliquid,2023-12-16 01:03:11.679637
12.982,7369.1,13.293,7558.9,Hyperliquid,2023-12-16 01:03:11.679637
12.96,7494.7,13.312,290.9,Hyperliquid,2023-12-16 01:03:11.679637
12.912,138.6,13.313,7376.9,Hyperliquid,2023-12-16 01:03:11.679637
13.262,1521.0,13.266,873.9,Hyperliquid,2023-12-16 02:24:50.580734
13.259,3253.9,13.268,423.4,Hyperliquid,2023-12-16 02:24:50.580734
13.253,3023.6,13.269,1642.8,Hyperliquid,2023-12-16 02:24:50.580734
13.244,2930.9,13.271,974.6,Hyperliquid,2023-12-16 02:24:50.580734
13.231,189.0,13.273,75.3,Hyperliquid,2023-12-16 02:24:50.580734
13.23,75.3,13.275,974.5,Hyperliquid,2023-12-16 02:24:50.580734
13.228,1421.5,13.276,947.9,Hyperliquid,2023-12-16 02:24:50.580734
13.226,1504.9,13.278,975.5,Hyperliquid,2023-12-16 02:24:50.580734
13.199,1405.4,13.288,1118.6,Hyperliquid,2023-12-16 02:24:50.580734
13.196,1570.5,13.289,994.5,Hyperliquid,2023-12-16 02:24:50.580734
13.135,6919.8,13.308,1616.6,Hyperliquid,2023-12-16 02:24:50.580734
13.131,7663.0,13.311,1426.2,Hyperliquid,2023-12-16 02:24:50.580734
13.121,200.0,13.342,1428.2,Hyperliquid,2023-12-16 02:24:50.580734
13.12,50.1,13.349,1482.6,Hyperliquid,2023-12-16 02:24:50.580734
13.033,14626.2,13.394,298.3,Hyperliquid,2023-12-16 02:24:50.580734
12.924,7175.2,13.434,6828.2,Hyperliquid,2023-12-16 02:24:50.580734
12.922,7711.2,13.438,8021.7,Hyperliquid,2023-12-16 02:24:50.580734
12.912,138.6,13.472,7078.8,Hyperliquid,2023-12-16 02:24:50.580734
12.714,110.4,13.476,305.8,Hyperliquid,2023-12-16 02:24:50.580734
12.69,50.3,13.507,7022.3,Hyperliquid,2023-12-16 02:24:50.580734
13.541,1442.2,13.544,727.2,Hyperliquid,2023-12-16 03:14:19.613144
13.539,2739.0,13.547,782.9,Hyperliquid,2023-12-16 03:14:19.613144
13.535,2891.6,13.548,745.1,Hyperliquid,2023-12-16 03:14:19.613144
13.527,73.8,13.549,73.8,Hyperliquid,2023-12-16 03:14:19.613144
13.526,2784.9,13.551,227.9,Hyperliquid,2023-12-16 03:14:19.613144
13.516,2961.6,13.553,1495.6,Hyperliquid,2023-12-16 03:14:19.613144
13.487,92.7,13.566,771.7,Hyperliquid,2023-12-16 03:14:19.613144
13.486,1422.5,13.567,693.7,Hyperliquid,2023-12-16 03:14:19.613144
13.485,92.7,13.572,184.2,Hyperliquid,2023-12-16 03:14:19.613144
13.484,1442.7,13.588,1586.5,Hyperliquid,2023-12-16 03:14:19.613144
13.423,6881.7,13.592,1612.8,Hyperliquid,2023-12-16 03:14:19.613144
13.4,7579.9,13.632,1346.9,Hyperliquid,2023-12-16 03:14:19.613144
13.368,7721.1,13.633,1401.0,Hyperliquid,2023-12-16 03:14:19.613144
13.341,7169.0,13.641,320.7,Hyperliquid,2023-12-16 03:14:19.613144
13.264,6838.4,13.69,185.7,Hyperliquid,2023-12-16 03:14:19.613144
13.212,7873.4,13.723,7931.5,Hyperliquid,2023-12-16 03:14:19.613144
13.12,50.1,13.724,328.2,Hyperliquid,2023-12-16 03:14:19.613144
12.912,138.6,13.727,7111.9,Hyperliquid,2023-12-16 03:14:19.613144
12.714,110.4,13.791,10.6,Hyperliquid,2023-12-16 03:14:19.613144
12.69,50.3,13.805,7649.3,Hyperliquid,2023-12-16 03:14:19.613144
13.629,1101.8,13.64,263.6,Hyperliquid,2023-12-16 04:16:37.797373
13.625,1053.7,13.644,247.3,Hyperliquid,2023-12-16 04:16:37.797373
13.622,1014.4,13.647,989.2,Hyperliquid,2023-12-16 04:16:37.797373
13.621,1128.1,13.655,1119.9,Hyperliquid,2023-12-16 04:16:37.797373
13.618,2066.7,13.659,1103.3,Hyperliquid,2023-12-16 04:16:37.797373
13.614,260.5,13.667,518.8,Hyperliquid,2023-12-16 04:16:37.797373
13.613,1139.7,13.668,542.5,Hyperliquid,2023-12-16 04:16:37.797373
13.609,1762.3,13.679,182.8,Hyperliquid,2023-12-16 04:16:37.797373
13.606,1032.3,13.68,1055.0,Hyperliquid,2023-12-16 04:16:37.797373
13.604,73.4,13.69,109.8,Hyperliquid,2023-12-16 04:16:37.797373
13.599,1095.1,13.71,2296.7,Hyperliquid,2023-12-16 04:16:37.797373
13.598,1017.1,13.724,328.2,Hyperliquid,2023-12-16 04:16:37.797373
13.596,91.9,13.756,1026.1,Hyperliquid,2023-12-16 04:16:37.797373
13.591,1096.7,13.764,1081.0,Hyperliquid,2023-12-16 04:16:37.797373
13.589,1089.0,13.791,10.6,Hyperliquid,2023-12-16 04:16:37.797373
13.571,1178.8,13.806,335.6,Hyperliquid,2023-12-16 04:16:37.797373
13.568,1109.6,13.852,5591.5,Hyperliquid,2023-12-16 04:16:37.797373
13.533,1092.0,13.869,5340.4,Hyperliquid,2023-12-16 04:16:37.797373
13.522,1268.8,13.888,343.1,Hyperliquid,2023-12-16 04:16:37.797373
13.465,7037.7,13.915,6078.1,Hyperliquid,2023-12-16 04:16:37.797373
13.45,708.0,13.453,836.4,Hyperliquid,2023-12-16 05:12:54.278387
13.447,2890.1,13.456,1827.7,Hyperliquid,2023-12-16 05:12:54.278387
13.446,724.0,13.46,1632.9,Hyperliquid,2023-12-16 05:12:54.278387
13.444,2974.8,13.462,74.3,Hyperliquid,2023-12-16 05:12:54.278387
13.443,1595.9,13.467,938.3,Hyperliquid,2023-12-16 05:12:54.278387
13.439,1522.6,13.473,1835.4,Hyperliquid,2023-12-16 05:12:54.278387
13.434,2919.0,13.486,92.7,Hyperliquid,2023-12-16 05:12:54.278387
13.428,1505.9,13.487,92.7,Hyperliquid,2023-12-16 05:12:54.278387
13.416,93.2,13.488,1585.0,Hyperliquid,2023-12-16 05:12:54.278387
13.415,2938.3,13.494,1513.3,Hyperliquid,2023-12-16 05:12:54.278387
13.4,93.3,13.53,1370.4,Hyperliquid,2023-12-16 05:12:54.278387
13.399,65.1,13.54,1382.8,Hyperliquid,2023-12-16 05:12:54.278387
13.382,2807.4,13.597,300.0,Hyperliquid,2023-12-16 05:12:54.278387
13.337,8176.1,13.61,6716.5,Hyperliquid,2023-12-16 05:12:54.278387
13.32,6848.7,13.638,6810.0,Hyperliquid,2023-12-16 05:12:54.278387
13.269,15441.2,13.689,7584.1,Hyperliquid,2023-12-16 05:12:54.278387
13.134,7371.7,13.69,7681.7,Hyperliquid,2023-12-16 05:12:54.278387
13.132,7558.5,13.724,328.2,Hyperliquid,2023-12-16 05:12:54.278387
13.12,50.1,13.791,10.6,Hyperliquid,2023-12-16 05:12:54.278387
12.912,138.6,13.806,335.6,Hyperliquid,2023-12-16 05:12:54.278387
13.485,1390.0,13.488,823.3,Hyperliquid,2023-12-16 06:17:11.220380
13.482,2912.5,13.489,305.4,Hyperliquid,2023-12-16 06:17:11.220380
13.479,1359.6,13.491,911.2,Hyperliquid,2023-12-16 06:17:11.220380
13.478,1459.5,13.492,968.6,Hyperliquid,2023-12-16 06:17:11.220380
13.477,74.1,13.495,898.6,Hyperliquid,2023-12-16 06:17:11.220380
13.469,1348.7,13.496,898.9,Hyperliquid,2023-12-16 06:17:11.220380
13.466,1355.2,13.503,47.7,Hyperliquid,2023-12-16 06:17:11.220380
13.45,1468.6,13.504,757.1,Hyperliquid,2023-12-16 06:17:11.220380
13.449,92.9,13.506,793.3,Hyperliquid,2023-12-16 06:17:11.220380
13.448,1526.5,13.519,185.0,Hyperliquid,2023-12-16 06:17:11.220380
13.414,93.2,13.531,3065.0,Hyperliquid,2023-12-16 06:17:11.220380
13.413,2885.3,13.562,1503.0,Hyperliquid,2023-12-16 06:17:11.220380
13.399,65.1,13.569,1395.4,Hyperliquid,2023-12-16 06:17:11.220380
13.356,8076.2,13.644,7827.3,Hyperliquid,2023-12-16 06:17:11.220380
13.337,6968.4,13.65,7615.8,Hyperliquid,2023-12-16 06:17:11.220380
13.304,7475.1,13.69,109.8,Hyperliquid,2023-12-16 06:17:11.220380
13.297,7279.5,13.723,6796.8,Hyperliquid,2023-12-16 06:17:11.220380
13.191,7084.8,13.724,328.2,Hyperliquid,2023-12-16 06:17:11.220380
13.184,6761.1,13.737,6828.8,Hyperliquid,2023-12-16 06:17:11.220380
13.12,50.1,13.791,10.6,Hyperliquid,2023-12-16 06:17:11.220380
13.67,1389.1,13.673,843.3,Hyperliquid,2023-12-16 07:12:23.328081
13.669,1559.4,13.675,793.0,Hyperliquid,2023-12-16 07:12:23.328081
13.668,3032.9,13.678,1701.0,Hyperliquid,2023-12-16 07:12:23.328081
13.666,1542.0,13.679,73.0,Hyperliquid,2023-12-16 07:12:23.328081
13.664,1459.1,13.683,1653.4,Hyperliquid,2023-12-16 07:12:23.328081
13.658,1409.6,13.696,727.3,Hyperliquid,2023-12-16 07:12:23.328081
13.656,1457.9,13.698,91.3,Hyperliquid,2023-12-16 07:12:23.328081
13.643,1554.6,13.699,799.9,Hyperliquid,2023-12-16 07:12:23.328081
13.642,1528.3,13.717,91.1,Hyperliquid,2023-12-16 07:12:23.328081
13.617,183.6,13.718,2857.7,Hyperliquid,2023-12-16 07:12:23.328081
13.616,1337.5,13.758,1461.5,Hyperliquid,2023-12-16 07:12:23.328081
13.605,1343.9,13.769,1374.2,Hyperliquid,2023-12-16 07:12:23.328081
13.528,14766.6,13.834,7695.2,Hyperliquid,2023-12-16 07:12:23.328081
13.476,6694.5,13.84,6608.0,Hyperliquid,2023-12-16 07:12:23.328081
13.456,7568.7,13.888,343.1,Hyperliquid,2023-12-16 07:12:23.328081
13.399,65.1,13.92,1000.0,Hyperliquid,2023-12-16 07:12:23.328081
13.334,7569.7,13.921,6733.2,Hyperliquid,2023-12-16 07:12:23.328081
13.325,7311.0,13.961,7716.6,Hyperliquid,2023-12-16 07:12:23.328081
13.12,50.1,13.971,350.5,Hyperliquid,2023-12-16 07:12:23.328081
12.98,129.1,14.053,358.0,Hyperliquid,2023-12-16 07:12:23.328081
13.776,1411.7,13.78,1151.0,Hyperliquid,2023-12-16 08:16:34.742128
13.775,769.3,13.782,1174.7,Hyperliquid,2023-12-16 08:16:34.742128
13.774,2777.8,13.783,1026.1,Hyperliquid,2023-12-16 08:16:34.742128
13.773,1420.7,13.785,2381.9,Hyperliquid,2023-12-16 08:16:34.742128
13.772,1583.6,13.795,2103.8,Hyperliquid,2023-12-16 08:16:34.742128
13.771,72.5,13.799,41.9,Hyperliquid,2023-12-16 08:16:34.742128
13.77,3138.3,13.818,181.0,Hyperliquid,2023-12-16 08:16:34.742128
13.768,1544.9,13.819,3044.4,Hyperliquid,2023-12-16 08:16:34.742128
13.757,2783.9,13.844,1387.9,Hyperliquid,2023-12-16 08:16:34.742128
13.741,182.0,13.848,1537.9,Hyperliquid,2023-12-16 08:16:34.742128
13.74,2768.5,13.888,343.1,Hyperliquid,2023-12-16 08:16:34.742128
13.714,1419.6,13.932,13736.3,Hyperliquid,2023-12-16 08:16:34.742128
13.713,1333.2,13.962,7231.2,Hyperliquid,2023-12-16 08:16:34.742128
13.676,48.0,13.966,7660.0,Hyperliquid,2023-12-16 08:16:34.742128
13.638,14103.2,13.971,350.5,Hyperliquid,2023-12-16 08:16:34.742128
13.548,14365.2,14.053,358.0,Hyperliquid,2023-12-16 08:16:34.742128
13.47,7822.1,14.128,7647.6,Hyperliquid,2023-12-16 08:16:34.742128
13.469,7337.1,14.135,365.4,Hyperliquid,2023-12-16 08:16:34.742128
13.422,58.8,14.158,7659.6,Hyperliquid,2023-12-16 08:16:34.742128
13.399,65.1,14.218,372.9,Hyperliquid,2023-12-16 08:16:34.742128
13.967,755.7,13.971,71.5,Hyperliquid,2023-12-16 09:12:55.472007
13.966,676.8,13.972,879.0,Hyperliquid,2023-12-16 09:12:55.472007
13.964,3037.8,13.973,433.8,Hyperliquid,2023-12-16 09:12:55.472007
13.957,1330.1,13.975,945.9,Hyperliquid,2023-12-16 09:12:55.472007
13.956,1573.4,13.976,813.4,Hyperliquid,2023-12-16 09:12:55.472007
13.955,71.5,13.984,1842.7,Hyperliquid,2023-12-16 09:12:55.472007
13.949,1460.3,13.995,178.6,Hyperliquid,2023-12-16 09:12:55.472007
13.946,1493.3,13.996,952.0,Hyperliquid,2023-12-16 09:12:55.472007
13.93,89.7,13.997,817.0,Hyperliquid,2023-12-16 09:12:55.472007
13.928,1308.1,14.013,1512.5,Hyperliquid,2023-12-16 09:12:55.472007
13.926,89.8,14.017,1389.3,Hyperliquid,2023-12-16 09:12:55.472007
13.925,1332.1,14.053,1438.1,Hyperliquid,2023-12-16 09:12:55.472007
13.896,1486.4,14.056,2429.8,Hyperliquid,2023-12-16 09:12:55.472007
13.886,1331.2,14.139,7525.2,Hyperliquid,2023-12-16 09:12:55.472007
13.825,7356.0,14.141,6452.7,Hyperliquid,2023-12-16 09:12:55.472007
13.82,7478.4,14.163,603.2,Hyperliquid,2023-12-16 09:12:55.472007
13.76,7671.1,14.189,350.5,Hyperliquid,2023-12-16 09:12:55.472007
13.758,6654.6,14.212,6489.0,Hyperliquid,2023-12-16 09:12:55.472007
13.618,6919.3,14.22,6798.9,Hyperliquid,2023-12-16 09:12:55.472007
13.616,6728.1,14.269,603.2,Hyperliquid,2023-12-16 09:12:55.472007
13.744,1429.8,13.747,1260.0,Hyperliquid,2023-12-16 10:13:41.758489
13.743,20.0,13.749,2588.7,Hyperliquid,2023-12-16 10:13:41.758489
13.741,3065.4,13.751,2560.1,Hyperliquid,2023-12-16 10:13:41.758489
13.74,2678.0,13.759,2611.9,Hyperliquid,2023-12-16 10:13:41.758489
13.737,1477.7,13.776,2785.8,Hyperliquid,2023-12-16 10:13:41.758489
13.736,1357.5,13.815,90.5,Hyperliquid,2023-12-16 10:13:41.758489
13.727,1380.2,13.816,90.5,Hyperliquid,2023-12-16 10:13:41.758489
13.725,1428.7,13.817,1549.6,Hyperliquid,2023-12-16 10:13:41.758489
13.724,91.1,13.818,1554.8,Hyperliquid,2023-12-16 10:13:41.758489
13.715,91.1,13.876,7452.2,Hyperliquid,2023-12-16 10:13:41.758489
13.714,1332.2,13.894,7779.4,Hyperliquid,2023-12-16 10:13:41.758489
13.709,1583.1,13.932,6908.4,Hyperliquid,2023-12-16 10:13:41.758489
13.7,12.4,13.957,6896.4,Hyperliquid,2023-12-16 10:13:41.758489
13.69,180.5,14.034,7799.1,Hyperliquid,2023-12-16 10:13:41.758489
13.686,2.4,14.087,6859.8,Hyperliquid,2023-12-16 10:13:41.758489
13.684,3116.7,14.189,350.5,Hyperliquid,2023-12-16 10:13:41.758489
13.671,2.4,14.332,365.4,Hyperliquid,2023-12-16 10:13:41.758489
13.657,2.4,14.49,2.6,Hyperliquid,2023-12-16 10:13:41.758489
13.643,2.4,14.5,248.1,Hyperliquid,2023-12-16 10:13:41.758489
13.629,2.4,14.694,434.3,Hyperliquid,2023-12-16 10:13:41.758489
13.731,1404.0,13.735,1255.7,Hyperliquid,2023-12-16 11:10:58.869537
13.729,1444.1,13.738,2412.9,Hyperliquid,2023-12-16 11:10:58.869537
13.728,1424.3,13.745,2504.5,Hyperliquid,2023-12-16 11:10:58.869537
13.722,72.7,13.748,2584.0,Hyperliquid,2023-12-16 11:10:58.869537
13.721,2999.5,13.749,1271.8,Hyperliquid,2023-12-16 11:10:58.869537
13.716,1384.1,13.755,1368.4,Hyperliquid,2023-12-16 11:10:58.869537
13.712,91.2,13.756,1267.4,Hyperliquid,2023-12-16 11:10:58.869537
13.711,1387.6,13.764,90.8,Hyperliquid,2023-12-16 11:10:58.869537
13.709,91.2,13.774,1514.2,Hyperliquid,2023-12-16 11:10:58.869537
13.699,1318.9,13.775,90.7,Hyperliquid,2023-12-16 11:10:58.869537
13.697,1467.1,13.776,1526.5,Hyperliquid,2023-12-16 11:10:58.869537
13.675,1392.3,13.814,1356.6,Hyperliquid,2023-12-16 11:10:58.869537
13.674,1581.5,13.817,1522.0,Hyperliquid,2023-12-16 11:10:58.869537
13.67,400.0,13.89,7422.4,Hyperliquid,2023-12-16 11:10:58.869537
13.657,2.4,13.892,6956.7,Hyperliquid,2023-12-16 11:10:58.869537
13.65,400.0,13.944,7022.0,Hyperliquid,2023-12-16 11:10:58.869537
13.643,2.4,13.95,6542.2,Hyperliquid,2023-12-16 11:10:58.869537
13.639,64.8,14.053,7684.3,Hyperliquid,2023-12-16 11:10:58.869537
13.631,400.0,14.064,6625.3,Hyperliquid,2023-12-16 11:10:58.869537
13.629,2.4,14.189,350.5,Hyperliquid,2023-12-16 11:10:58.869537
13.76,1428.7,13.764,1128.5,Hyperliquid,2023-12-16 12:24:30.757205
13.758,2701.2,13.766,3473.7,Hyperliquid,2023-12-16 12:24:30.757205
13.757,2802.1,13.768,1118.3,Hyperliquid,2023-12-16 12:24:30.757205
13.754,1372.4,13.769,1271.2,Hyperliquid,2023-12-16 12:24:30.757205
13.752,72.6,13.77,1073.4,Hyperliquid,2023-12-16 12:24:30.757205
13.75,1527.0,13.772,1212.5,Hyperliquid,2023-12-16 12:24:30.757205
13.749,1514.1,13.774,1147.9,Hyperliquid,2023-12-16 12:24:30.757205
13.744,1531.1,13.781,2437.4,Hyperliquid,2023-12-16 12:24:30.757205
13.736,1345.7,13.785,90.7,Hyperliquid,2023-12-16 12:24:30.757205
13.733,1565.9,13.786,1265.9,Hyperliquid,2023-12-16 12:24:30.757205
13.728,1439.3,13.787,1064.3,Hyperliquid,2023-12-16 12:24:30.757205
13.703,91.2,13.806,2792.9,Hyperliquid,2023-12-16 12:24:30.757205
13.702,91.2,13.842,1378.1,Hyperliquid,2023-12-16 12:24:30.757205
13.701,2883.0,13.843,1504.2,Hyperliquid,2023-12-16 12:24:30.757205
13.67,400.0,13.919,6857.6,Hyperliquid,2023-12-16 12:24:30.757205
13.657,2.4,13.931,7176.8,Hyperliquid,2023-12-16 12:24:30.757205
13.65,400.0,14.004,14479.5,Hyperliquid,2023-12-16 12:24:30.757205
13.643,7797.5,14.13,7168.8,Hyperliquid,2023-12-16 12:24:30.757205
13.639,64.8,14.134,7003.5,Hyperliquid,2023-12-16 12:24:30.757205
13.631,400.0,14.189,350.5,Hyperliquid,2023-12-16 12:24:30.757205
13.8,760.5,13.807,1165.6,Hyperliquid,2023-12-16 13:15:05.119784
13.799,1411.7,13.808,566.9,Hyperliquid,2023-12-16 13:15:05.119784
13.798,1471.8,13.809,1772.6,Hyperliquid,2023-12-16 13:15:05.119784
13.794,1486.8,13.811,2357.9,Hyperliquid,2023-12-16 13:15:05.119784
13.793,1375.2,13.812,1125.6,Hyperliquid,2023-12-16 13:15:05.119784
13.787,3084.1,13.814,1055.5,Hyperliquid,2023-12-16 13:15:05.119784
13.775,1402.6,13.815,1088.3,Hyperliquid,2023-12-16 13:15:05.119784
13.771,1368.6,13.822,1245.3,Hyperliquid,2023-12-16 13:15:05.119784
13.739,182.0,13.826,1080.6,Hyperliquid,2023-12-16 13:15:05.119784
13.738,1487.6,13.828,90.4,Hyperliquid,2023-12-16 13:15:05.119784
13.736,1389.8,13.829,1212.2,Hyperliquid,2023-12-16 13:15:05.119784
13.7,107.6,13.84,1514.4,Hyperliquid,2023-12-16 13:15:05.119784
13.69,6695.0,13.849,90.3,Hyperliquid,2023-12-16 13:15:05.119784
13.678,7458.1,13.85,1437.4,Hyperliquid,2023-12-16 13:15:05.119784
13.67,400.0,13.851,1424.6,Hyperliquid,2023-12-16 13:15:05.119784
13.657,2.4,13.878,1387.9,Hyperliquid,2023-12-16 13:15:05.119784
13.65,400.0,13.886,1388.2,Hyperliquid,2023-12-16 13:15:05.119784
13.643,2.4,13.957,7662.4,Hyperliquid,2023-12-16 13:15:05.119784
13.639,64.8,13.967,7453.4,Hyperliquid,2023-12-16 13:15:05.119784
13.631,400.0,14.028,6421.5,Hyperliquid,2023-12-16 13:15:05.119784
13.756,1405.0,13.757,1288.9,Hyperliquid,2023-12-16 14:12:47.925457
13.753,2827.0,13.759,2480.5,Hyperliquid,2023-12-16 14:12:47.925457
13.75,2986.7,13.76,1231.8,Hyperliquid,2023-12-16 14:12:47.925457
13.746,2776.6,13.762,2441.5,Hyperliquid,2023-12-16 14:12:47.925457
13.74,1425.4,13.765,2520.6,Hyperliquid,2023-12-16 14:12:47.925457
13.737,1484.8,13.768,2475.2,Hyperliquid,2023-12-16 14:12:47.925457
13.722,91.1,13.779,2445.3,Hyperliquid,2023-12-16 14:12:47.925457
13.721,91.1,13.791,1306.0,Hyperliquid,2023-12-16 14:12:47.925457
13.72,2863.6,13.793,90.6,Hyperliquid,2023-12-16 14:12:47.925457
13.685,1592.2,13.794,1394.4,Hyperliquid,2023-12-16 14:12:47.925457
13.679,1394.9,13.798,90.6,Hyperliquid,2023-12-16 14:12:47.925457
13.599,14970.5,13.818,1369.8,Hyperliquid,2023-12-16 14:12:47.925457
13.544,6988.2,13.829,1493.0,Hyperliquid,2023-12-16 14:12:47.925457
13.533,7154.6,13.878,7748.8,Hyperliquid,2023-12-16 14:12:47.925457
13.529,2.4,13.879,7284.4,Hyperliquid,2023-12-16 14:12:47.925457
13.514,2.4,13.954,7795.9,Hyperliquid,2023-12-16 14:12:47.925457
13.513,400.0,13.97,7101.4,Hyperliquid,2023-12-16 14:12:47.925457
13.5,2.4,14.087,13723.1,Hyperliquid,2023-12-16 14:12:47.925457
13.494,400.0,14.189,350.5,Hyperliquid,2023-12-16 14:12:47.925457
13.486,2.4,14.332,365.4,Hyperliquid,2023-12-16 14:12:47.925457
13.994,1487.3,13.996,45.3,Hyperliquid,2023-12-16 15:12:53.092542
13.993,1403.7,13.997,1224.7,Hyperliquid,2023-12-16 15:12:53.092542
13.992,714.0,13.999,2712.6,Hyperliquid,2023-12-16 15:12:53.092542
13.991,2779.1,14.002,1108.6,Hyperliquid,2023-12-16 15:12:53.092542
13.989,1466.4,14.003,1231.3,Hyperliquid,2023-12-16 15:12:53.092542
13.987,2695.5,14.011,1232.5,Hyperliquid,2023-12-16 15:12:53.092542
13.986,71.4,14.013,1110.8,Hyperliquid,2023-12-16 15:12:53.092542
13.985,1471.6,14.026,89.1,Hyperliquid,2023-12-16 15:12:53.092542
13.977,1398.6,14.027,89.1,Hyperliquid,2023-12-16 15:12:53.092542
13.975,1385.5,14.03,3108.5,Hyperliquid,2023-12-16 15:12:53.092542
13.965,1505.4,14.068,1358.2,Hyperliquid,2023-12-16 15:12:53.092542
13.96,179.0,14.072,1424.3,Hyperliquid,2023-12-16 15:12:53.092542
13.959,1555.0,14.13,7112.5,Hyperliquid,2023-12-16 15:12:53.092542
13.93,1436.3,14.131,7704.0,Hyperliquid,2023-12-16 15:12:53.092542
13.928,1314.9,14.189,350.5,Hyperliquid,2023-12-16 15:12:53.092542
13.878,6923.5,14.217,6550.5,Hyperliquid,2023-12-16 15:12:53.092542
13.86,6616.3,14.218,7183.2,Hyperliquid,2023-12-16 15:12:53.092542
13.82,7333.7,14.339,6933.9,Hyperliquid,2023-12-16 15:12:53.092542
13.805,7342.3,14.362,7272.5,Hyperliquid,2023-12-16 15:12:53.092542
13.696,7181.1,14.4,70.0,Hyperliquid,2023-12-16 15:12:53.092542
14.587,1908.4,14.61,480.7,Hyperliquid,2023-12-16 16:16:59.044201
14.586,693.2,14.611,563.0,Hyperliquid,2023-12-16 16:16:59.044201
14.583,2489.6,14.614,1034.2,Hyperliquid,2023-12-16 16:16:59.044201
14.581,710.8,14.615,1015.1,Hyperliquid,2023-12-16 16:16:59.044201
14.574,1298.0,14.64,170.8,Hyperliquid,2023-12-16 16:16:59.044201
14.57,85.8,14.644,946.2,Hyperliquid,2023-12-16 16:16:59.044201
14.557,85.9,14.651,1034.2,Hyperliquid,2023-12-16 16:16:59.044201
14.556,85.9,14.654,1034.1,Hyperliquid,2023-12-16 16:16:59.044201
14.54,1234.9,14.657,1063.3,Hyperliquid,2023-12-16 16:16:59.044201
14.533,1380.3,14.665,1037.8,Hyperliquid,2023-12-16 16:16:59.044201
14.531,1253.8,14.67,976.3,Hyperliquid,2023-12-16 16:16:59.044201
14.529,1182.6,14.678,1351.2,Hyperliquid,2023-12-16 16:16:59.044201
14.525,1379.0,14.689,1195.2,Hyperliquid,2023-12-16 16:16:59.044201
14.517,1285.5,14.711,1353.0,Hyperliquid,2023-12-16 16:16:59.044201
14.514,1229.9,14.714,1232.6,Hyperliquid,2023-12-16 16:16:59.044201
14.5,1179.0,14.767,6719.2,Hyperliquid,2023-12-16 16:16:59.044201
14.499,1282.7,14.791,6373.9,Hyperliquid,2023-12-16 16:16:59.044201
14.474,1235.0,14.8,603.2,Hyperliquid,2023-12-16 16:16:59.044201
14.467,1390.8,14.873,6936.9,Hyperliquid,2023-12-16 16:16:59.044201
14.443,1228.0,14.874,6842.1,Hyperliquid,2023-12-16 16:16:59.044201
14.435,1372.4,14.437,1054.4,Hyperliquid,2023-12-16 17:11:48.148887
14.431,2926.2,14.441,2299.7,Hyperliquid,2023-12-16 17:11:48.148887
14.427,2981.0,14.443,69.2,Hyperliquid,2023-12-16 17:11:48.148887
14.418,2962.8,14.446,2359.8,Hyperliquid,2023-12-16 17:11:48.148887
14.399,86.8,14.457,2436.9,Hyperliquid,2023-12-16 17:11:48.148887
14.398,2924.6,14.471,86.4,Hyperliquid,2023-12-16 17:11:48.148887
14.373,87.0,14.472,86.4,Hyperliquid,2023-12-16 17:11:48.148887
14.372,1464.1,14.473,2882.6,Hyperliquid,2023-12-16 17:11:48.148887
14.368,1299.4,14.509,1513.9,Hyperliquid,2023-12-16 17:11:48.148887
14.356,272.9,14.521,1340.6,Hyperliquid,2023-12-16 17:11:48.148887
14.35,2223.6,14.569,6216.7,Hyperliquid,2023-12-16 17:11:48.148887
14.326,272.9,14.595,7056.7,Hyperliquid,2023-12-16 17:11:48.148887
14.32,17.5,14.664,6655.8,Hyperliquid,2023-12-16 17:11:48.148887
14.303,7410.6,14.667,6320.2,Hyperliquid,2023-12-16 17:11:48.148887
14.296,272.9,14.791,13458.5,Hyperliquid,2023-12-16 17:11:48.148887
14.289,7201.4,14.981,372.9,Hyperliquid,2023-12-16 17:11:48.148887
14.286,66.7,15.0,4063.0,Hyperliquid,2023-12-16 17:11:48.148887
14.267,272.9,15.013,603.2,Hyperliquid,2023-12-16 17:11:48.148887
14.237,272.9,15.119,603.2,Hyperliquid,2023-12-16 17:11:48.148887
14.222,7480.7,15.216,585.9,Hyperliquid,2023-12-16 17:11:48.148887
13.854,382.8,13.859,704.2,Hyperliquid,2023-12-16 18:16:42.593301
13.853,1384.0,13.86,20.9,Hyperliquid,2023-12-16 18:16:42.593301
13.85,2659.1,13.861,1451.3,Hyperliquid,2023-12-16 18:16:42.593301
13.845,1388.7,13.868,72.2,Hyperliquid,2023-12-16 18:16:42.593301
13.843,1396.2,13.869,747.8,Hyperliquid,2023-12-16 18:16:42.593301
13.84,72.1,13.87,720.0,Hyperliquid,2023-12-16 18:16:42.593301
13.838,17.5,13.884,1472.8,Hyperliquid,2023-12-16 18:16:42.593301
13.833,2707.8,13.901,89.9,Hyperliquid,2023-12-16 18:16:42.593301
13.828,18.0,13.903,1446.4,Hyperliquid,2023-12-16 18:16:42.593301
13.818,18.4,13.907,89.9,Hyperliquid,2023-12-16 18:16:42.593301
13.816,1358.4,13.908,1516.0,Hyperliquid,2023-12-16 18:16:42.593301
13.815,90.5,13.952,1472.6,Hyperliquid,2023-12-16 18:16:42.593301
13.814,228.9,13.954,1297.5,Hyperliquid,2023-12-16 18:16:42.593301
13.811,1338.2,14.028,6970.1,Hyperliquid,2023-12-16 18:16:42.593301
13.809,90.5,14.05,7583.3,Hyperliquid,2023-12-16 18:16:42.593301
13.808,18.8,14.119,7520.3,Hyperliquid,2023-12-16 18:16:42.593301
13.798,19.2,14.149,7756.0,Hyperliquid,2023-12-16 18:16:42.593301
13.788,19.7,14.302,6787.6,Hyperliquid,2023-12-16 18:16:42.593301
13.787,228.9,14.374,7563.4,Hyperliquid,2023-12-16 18:16:42.593301
13.784,1453.5,14.484,12.7,Hyperliquid,2023-12-16 18:16:42.593301
13.401,1469.6,13.405,1645.8,Hyperliquid,2023-12-16 19:10:35.056132
13.4,1603.8,13.406,2211.6,Hyperliquid,2023-12-16 19:10:35.056132
13.399,1560.3,13.407,1525.3,Hyperliquid,2023-12-16 19:10:35.056132
13.396,1704.4,13.408,1334.8,Hyperliquid,2023-12-16 19:10:35.056132
13.395,1367.3,13.41,1480.0,Hyperliquid,2023-12-16 19:10:35.056132
13.389,1371.9,13.411,1535.9,Hyperliquid,2023-12-16 19:10:35.056132
13.385,1435.6,13.417,74.5,Hyperliquid,2023-12-16 19:10:35.056132
13.384,93.4,13.419,1324.6,Hyperliquid,2023-12-16 19:10:35.056132
13.373,93.5,13.42,1555.5,Hyperliquid,2023-12-16 19:10:35.056132
13.372,2994.5,13.434,1459.5,Hyperliquid,2023-12-16 19:10:35.056132
13.361,14.0,13.439,1560.8,Hyperliquid,2023-12-16 19:10:35.056132
13.36,187.1,13.445,3.7,Hyperliquid,2023-12-16 19:10:35.056132
13.357,400.0,13.463,185.6,Hyperliquid,2023-12-16 19:10:35.056132
13.354,1497.0,13.464,2933.5,Hyperliquid,2023-12-16 19:10:35.056132
13.351,1527.8,13.489,1.4,Hyperliquid,2023-12-16 19:10:35.056132
13.337,400.0,13.51,1.4,Hyperliquid,2023-12-16 19:10:35.056132
13.317,400.0,13.517,7184.3,Hyperliquid,2023-12-16 19:10:35.056132
13.298,400.0,13.523,1.4,Hyperliquid,2023-12-16 19:10:35.056132
13.285,15556.6,13.531,8012.3,Hyperliquid,2023-12-16 19:10:35.056132
13.278,400.0,13.54,2.8,Hyperliquid,2023-12-16 19:10:35.056132
13.395,913.8,13.401,1455.3,Hyperliquid,2023-12-16 20:14:08.898618
13.394,77.5,13.403,689.3,Hyperliquid,2023-12-16 20:14:08.898618
13.392,1519.1,13.404,1477.9,Hyperliquid,2023-12-16 20:14:08.898618
13.39,520.9,13.406,2705.5,Hyperliquid,2023-12-16 20:14:08.898618
13.384,799.1,13.411,1522.2,Hyperliquid,2023-12-16 20:14:08.898618
13.383,765.4,13.414,1398.2,Hyperliquid,2023-12-16 20:14:08.898618
13.371,1.5,13.415,1347.8,Hyperliquid,2023-12-16 20:14:08.898618
13.37,866.2,13.422,1354.6,Hyperliquid,2023-12-16 20:14:08.898618
13.369,779.5,13.423,1504.2,Hyperliquid,2023-12-16 20:14:08.898618
13.36,187.2,13.424,93.1,Hyperliquid,2023-12-16 20:14:08.898618
13.359,1342.5,13.427,93.1,Hyperliquid,2023-12-16 20:14:08.898618
13.353,522.4,13.428,1341.5,Hyperliquid,2023-12-16 20:14:08.898618
13.35,1423.4,13.442,1527.2,Hyperliquid,2023-12-16 20:14:08.898618
13.346,1320.2,13.446,1306.2,Hyperliquid,2023-12-16 20:14:08.898618
13.341,1.5,13.474,1448.3,Hyperliquid,2023-12-16 20:14:08.898618
13.326,1.5,13.475,1509.5,Hyperliquid,2023-12-16 20:14:08.898618
13.32,1.5,13.5,100.0,Hyperliquid,2023-12-16 20:14:08.898618
13.316,520.9,13.544,14170.2,Hyperliquid,2023-12-16 20:14:08.898618
13.307,2934.9,13.625,100.0,Hyperliquid,2023-12-16 20:14:08.898618
13.305,1.5,13.638,6495.0,Hyperliquid,2023-12-16 20:14:08.898618
13.142,802.1,13.145,1803.3,Hyperliquid,2023-12-16 21:11:48.942946
13.141,804.6,13.146,1586.4,Hyperliquid,2023-12-16 21:11:48.942946
13.14,0.8,13.147,1485.5,Hyperliquid,2023-12-16 21:11:48.942946
13.139,1627.2,13.149,4301.1,Hyperliquid,2023-12-16 21:11:48.942946
13.137,1523.8,13.152,2893.6,Hyperliquid,2023-12-16 21:11:48.942946
13.134,1544.0,13.158,3036.7,Hyperliquid,2023-12-16 21:11:48.942946
13.132,1657.3,13.163,76.0,Hyperliquid,2023-12-16 21:11:48.942946
13.129,76.0,13.177,189.8,Hyperliquid,2023-12-16 21:11:48.942946
13.123,779.6,13.178,3076.5,Hyperliquid,2023-12-16 21:11:48.942946
13.12,95.3,13.205,1474.9,Hyperliquid,2023-12-16 21:11:48.942946
13.119,734.7,13.209,1565.3,Hyperliquid,2023-12-16 21:11:48.942946
13.112,95.3,13.26,7048.7,Hyperliquid,2023-12-16 21:11:48.942946
13.098,1614.4,13.262,7063.1,Hyperliquid,2023-12-16 21:11:48.942946
13.097,1651.4,13.284,1.5,Hyperliquid,2023-12-16 21:11:48.942946
13.054,1398.0,13.323,6720.0,Hyperliquid,2023-12-16 21:11:48.942946
13.044,1488.2,13.329,7310.1,Hyperliquid,2023-12-16 21:11:48.942946
13.038,101.0,13.439,7873.0,Hyperliquid,2023-12-16 21:11:48.942946
13.019,520.9,13.45,7995.3,Hyperliquid,2023-12-16 21:11:48.942946
13.01,2.7,13.5,100.0,Hyperliquid,2023-12-16 21:11:48.942946
13.0,8170.7,13.625,100.0,Hyperliquid,2023-12-16 21:11:48.942946
13.206,731.1,13.21,179.3,Hyperliquid,2023-12-16 22:12:17.475643
13.203,1979.9,13.211,1430.1,Hyperliquid,2023-12-16 22:12:17.475643
13.201,727.0,13.213,2749.7,Hyperliquid,2023-12-16 22:12:17.475643
13.195,1621.5,13.214,1600.0,Hyperliquid,2023-12-16 22:12:17.475643
13.184,75.5,13.218,1383.5,Hyperliquid,2023-12-16 22:12:17.475643
13.18,784.9,13.219,1626.5,Hyperliquid,2023-12-16 22:12:17.475643
13.178,720.3,13.224,1463.5,Hyperliquid,2023-12-16 22:12:17.475643
13.162,95.0,13.225,1452.7,Hyperliquid,2023-12-16 22:12:17.475643
13.161,95.0,13.235,75.5,Hyperliquid,2023-12-16 22:12:17.475643
13.16,1628.2,13.238,94.4,Hyperliquid,2023-12-16 22:12:17.475643
13.159,1574.6,13.239,94.4,Hyperliquid,2023-12-16 22:12:17.475643
13.12,1603.8,13.24,3076.3,Hyperliquid,2023-12-16 22:12:17.475643
13.112,1392.7,13.272,1441.3,Hyperliquid,2023-12-16 22:12:17.475643
13.023,15784.7,13.279,1447.8,Hyperliquid,2023-12-16 22:12:17.475643
13.019,520.9,13.35,16202.8,Hyperliquid,2023-12-16 22:12:17.475643
13.01,2.7,13.396,6774.0,Hyperliquid,2023-12-16 22:12:17.475643
13.0,8170.7,13.409,7378.1,Hyperliquid,2023-12-16 22:12:17.475643
12.985,107.3,13.498,7046.6,Hyperliquid,2023-12-16 22:12:17.475643
12.982,520.9,13.532,6902.1,Hyperliquid,2023-12-16 22:12:17.475643
12.945,520.9,13.7,31.7,Hyperliquid,2023-12-16 22:12:17.475643
12.999,803.8,13.004,1559.8,Hyperliquid,2023-12-16 23:13:05.389870
12.995,708.6,13.006,1588.8,Hyperliquid,2023-12-16 23:13:05.389870
12.993,712.7,13.007,1589.1,Hyperliquid,2023-12-16 23:13:05.389870
12.987,709.6,13.013,1408.2,Hyperliquid,2023-12-16 23:13:05.389870
12.986,742.8,13.014,1404.0,Hyperliquid,2023-12-16 23:13:05.389870
12.985,107.3,13.019,1532.5,Hyperliquid,2023-12-16 23:13:05.389870
12.982,617.2,13.023,1522.4,Hyperliquid,2023-12-16 23:13:05.389870
12.981,76.8,13.027,96.0,Hyperliquid,2023-12-16 23:13:05.389870
12.972,96.4,13.029,76.7,Hyperliquid,2023-12-16 23:13:05.389870
12.971,769.4,13.033,95.9,Hyperliquid,2023-12-16 23:13:05.389870
12.967,757.2,13.034,1564.2,Hyperliquid,2023-12-16 23:13:05.389870
12.948,1442.3,13.036,1388.9,Hyperliquid,2023-12-16 23:13:05.389870
12.946,1548.4,13.059,1414.6,Hyperliquid,2023-12-16 23:13:05.389870
12.945,520.9,13.071,1588.8,Hyperliquid,2023-12-16 23:13:05.389870
12.931,113.6,13.121,7606.4,Hyperliquid,2023-12-16 23:13:05.389870
12.91,58.5,13.13,7645.6,Hyperliquid,2023-12-16 23:13:05.389870
12.908,520.9,13.179,7990.8,Hyperliquid,2023-12-16 23:13:05.389870
12.9,40.5,13.184,7217.0,Hyperliquid,2023-12-16 23:13:05.389870
12.899,1529.2,13.317,7412.5,Hyperliquid,2023-12-16 23:13:05.389870
12.891,1680.2,13.355,7425.9,Hyperliquid,2023-12-16 23:13:05.389870
13.232,1189.7,13.234,1553.0,Hyperliquid,2023-12-17 01:08:09.111462
13.23,2384.5,13.237,3186.5,Hyperliquid,2023-12-17 01:08:09.111462
13.228,1173.6,13.24,2887.3,Hyperliquid,2023-12-17 01:08:09.111462
13.226,1094.7,13.25,1379.6,Hyperliquid,2023-12-17 01:08:09.111462
13.219,2272.2,13.251,75.4,Hyperliquid,2023-12-17 01:08:09.111462
13.216,75.4,13.253,1458.6,Hyperliquid,2023-12-17 01:08:09.111462
13.199,94.7,13.264,188.4,Hyperliquid,2023-12-17 01:08:09.111462
13.198,94.7,13.268,3191.6,Hyperliquid,2023-12-17 01:08:09.111462
13.197,1662.8,13.297,1467.4,Hyperliquid,2023-12-17 01:08:09.111462
13.196,1426.7,13.301,1550.6,Hyperliquid,2023-12-17 01:08:09.111462
13.17,1505.0,13.36,7864.1,Hyperliquid,2023-12-17 01:08:09.111462
13.161,1663.1,13.373,7826.2,Hyperliquid,2023-12-17 01:08:09.111462
13.09,7297.4,13.423,14160.7,Hyperliquid,2023-12-17 01:08:09.111462
13.078,8096.0,13.545,7914.6,Hyperliquid,2023-12-17 01:08:09.111462
13.03,8245.3,13.58,6843.7,Hyperliquid,2023-12-17 01:08:09.111462
13.007,8223.0,13.7,31.7,Hyperliquid,2023-12-17 01:08:09.111462
13.0,50.0,13.75,2.5,Hyperliquid,2023-12-17 01:08:09.111462
12.97,76.6,14.0,502.5,Hyperliquid,2023-12-17 01:08:09.111462
12.933,6981.5,14.151,28.1,Hyperliquid,2023-12-17 01:08:09.111462
12.91,58.5,14.25,2.5,Hyperliquid,2023-12-17 01:08:09.111462
13.14,957.3,13.143,1511.4,Hyperliquid,2023-12-17 02:28:35.337742
13.137,854.0,13.145,1497.9,Hyperliquid,2023-12-17 02:28:35.337742
13.136,951.1,13.146,1562.2,Hyperliquid,2023-12-17 02:28:35.337742
13.133,999.8,13.147,1667.0,Hyperliquid,2023-12-17 02:28:35.337742
13.132,952.7,13.148,1643.4,Hyperliquid,2023-12-17 02:28:35.337742
13.123,76.0,13.156,3222.9,Hyperliquid,2023-12-17 02:28:35.337742
13.119,95.3,13.167,75.9,Hyperliquid,2023-12-17 02:28:35.337742
13.118,1853.9,13.171,94.9,Hyperliquid,2023-12-17 02:28:35.337742
13.101,3083.3,13.172,3138.1,Hyperliquid,2023-12-17 02:28:35.337742
13.063,1427.4,13.201,94.7,Hyperliquid,2023-12-17 02:28:35.337742
13.06,186.3,13.202,3039.6,Hyperliquid,2023-12-17 02:28:35.337742
13.052,1683.8,13.273,15313.6,Hyperliquid,2023-12-17 02:28:35.337742
12.982,7011.4,13.307,7166.0,Hyperliquid,2023-12-17 02:28:35.337742
12.955,7095.8,13.33,7134.9,Hyperliquid,2023-12-17 02:28:35.337742
12.91,58.5,13.399,6884.0,Hyperliquid,2023-12-17 02:28:35.337742
12.908,520.9,13.411,7564.7,Hyperliquid,2023-12-17 02:28:35.337742
12.88,31.1,13.7,31.7,Hyperliquid,2023-12-17 02:28:35.337742
12.875,8382.6,13.75,2.5,Hyperliquid,2023-12-17 02:28:35.337742
12.874,7245.3,14.0,502.5,Hyperliquid,2023-12-17 02:28:35.337742
12.871,520.9,14.151,28.1,Hyperliquid,2023-12-17 02:28:35.337742
12.856,763.2,12.859,1607.1,Hyperliquid,2023-12-17 03:14:21.193476
12.855,101.2,12.862,3134.1,Hyperliquid,2023-12-17 03:14:21.193476
12.854,766.6,12.866,1512.4,Hyperliquid,2023-12-17 03:14:21.193476
12.853,701.6,12.867,1418.6,Hyperliquid,2023-12-17 03:14:21.193476
12.85,200.3,12.877,2968.4,Hyperliquid,2023-12-17 03:14:21.193476
12.849,1654.2,12.887,2838.0,Hyperliquid,2023-12-17 03:14:21.193476
12.846,77.6,12.916,96.8,Hyperliquid,2023-12-17 03:14:21.193476
12.837,5.1,12.918,1623.2,Hyperliquid,2023-12-17 03:14:21.193476
12.836,97.4,12.926,1398.6,Hyperliquid,2023-12-17 03:14:21.193476
12.835,762.5,12.941,119.2,Hyperliquid,2023-12-17 03:14:21.193476
12.834,520.9,12.963,119.2,Hyperliquid,2023-12-17 03:14:21.193476
12.83,770.4,12.984,119.2,Hyperliquid,2023-12-17 03:14:21.193476
12.822,97.5,12.99,7480.5,Hyperliquid,2023-12-17 03:14:21.193476
12.82,22.5,13.003,7295.4,Hyperliquid,2023-12-17 03:14:21.193476
12.809,23.3,13.005,119.2,Hyperliquid,2023-12-17 03:14:21.193476
12.808,1665.0,13.026,119.2,Hyperliquid,2023-12-17 03:14:21.193476
12.807,1649.6,13.048,119.2,Hyperliquid,2023-12-17 03:14:21.193476
12.797,520.9,13.053,7985.5,Hyperliquid,2023-12-17 03:14:21.193476
12.789,76.4,13.057,7272.0,Hyperliquid,2023-12-17 03:14:21.193476
12.774,1530.3,13.069,119.2,Hyperliquid,2023-12-17 03:14:21.193476
12.993,821.5,12.995,729.8,Hyperliquid,2023-12-17 04:16:59.749444
12.99,2038.8,12.996,758.0,Hyperliquid,2023-12-17 04:16:59.749444
12.987,972.5,12.998,2856.7,Hyperliquid,2023-12-17 04:16:59.749444
12.986,934.7,13.001,2834.1,Hyperliquid,2023-12-17 04:16:59.749444
12.974,897.7,13.01,3087.0,Hyperliquid,2023-12-17 04:16:59.749444
12.972,978.1,13.026,96.0,Hyperliquid,2023-12-17 04:16:59.749444
12.96,96.5,13.027,1734.2,Hyperliquid,2023-12-17 04:16:59.749444
12.958,1554.6,13.028,1397.3,Hyperliquid,2023-12-17 04:16:59.749444
12.955,96.5,13.056,1494.3,Hyperliquid,2023-12-17 04:16:59.749444
12.954,1626.4,13.064,1483.4,Hyperliquid,2023-12-17 04:16:59.749444
12.912,3093.6,13.12,8334.3,Hyperliquid,2023-12-17 04:16:59.749444
12.851,7991.6,13.141,8027.4,Hyperliquid,2023-12-17 04:16:59.749444
12.85,122.5,13.173,7751.6,Hyperliquid,2023-12-17 04:16:59.749444
12.848,7072.3,13.202,7097.7,Hyperliquid,2023-12-17 04:16:59.749444
12.809,23.3,13.25,200.0,Hyperliquid,2023-12-17 04:16:59.749444
12.797,520.9,13.273,7973.6,Hyperliquid,2023-12-17 04:16:59.749444
12.789,76.4,13.28,7875.1,Hyperliquid,2023-12-17 04:16:59.749444
12.77,81.9,13.7,31.7,Hyperliquid,2023-12-17 04:16:59.749444
12.769,7929.8,13.75,2.5,Hyperliquid,2023-12-17 04:16:59.749444
12.76,520.9,14.0,502.5,Hyperliquid,2023-12-17 04:16:59.749444
12.95,849.3,12.953,1555.7,Hyperliquid,2023-12-17 05:12:53.415997
12.947,1876.0,12.954,1542.9,Hyperliquid,2023-12-17 05:12:53.415997
12.946,913.1,12.956,1683.3,Hyperliquid,2023-12-17 05:12:53.415997
12.943,814.7,12.958,1650.9,Hyperliquid,2023-12-17 05:12:53.415997
12.941,908.5,12.959,1584.3,Hyperliquid,2023-12-17 05:12:53.415997
12.928,894.5,12.967,3077.8,Hyperliquid,2023-12-17 05:12:53.415997
12.926,805.5,12.977,3049.2,Hyperliquid,2023-12-17 05:12:53.415997
12.925,96.7,12.984,96.3,Hyperliquid,2023-12-17 05:12:53.415997
12.924,96.7,12.985,96.3,Hyperliquid,2023-12-17 05:12:53.415997
12.909,1516.5,13.008,2926.7,Hyperliquid,2023-12-17 05:12:53.415997
12.907,1396.8,13.04,158.7,Hyperliquid,2023-12-17 05:12:53.415997
12.866,1543.6,13.079,7207.7,Hyperliquid,2023-12-17 05:12:53.415997
12.859,1605.5,13.084,8092.4,Hyperliquid,2023-12-17 05:12:53.415997
12.85,122.5,13.1,2.3,Hyperliquid,2023-12-17 05:12:53.415997
12.809,23.3,13.138,7945.0,Hyperliquid,2023-12-17 05:12:53.415997
12.797,8222.4,13.141,6863.1,Hyperliquid,2023-12-17 05:12:53.415997
12.788,8307.2,13.25,200.0,Hyperliquid,2023-12-17 05:12:53.415997
12.77,81.9,13.277,7311.0,Hyperliquid,2023-12-17 05:12:53.415997
12.76,520.9,13.295,7763.3,Hyperliquid,2023-12-17 05:12:53.415997
12.75,13.9,13.7,31.7,Hyperliquid,2023-12-17 05:12:53.415997
12.692,396.0,12.698,1650.1,Hyperliquid,2023-12-17 06:17:21.761114
12.691,374.0,12.7,2707.4,Hyperliquid,2023-12-17 06:17:21.761114
12.687,1674.0,12.701,3513.8,Hyperliquid,2023-12-17 06:17:21.761114
12.681,1592.1,12.702,1674.7,Hyperliquid,2023-12-17 06:17:21.761114
12.675,98.6,12.703,1703.8,Hyperliquid,2023-12-17 06:17:21.761114
12.674,820.0,12.706,1515.8,Hyperliquid,2023-12-17 06:17:21.761114
12.665,835.5,12.71,1604.4,Hyperliquid,2023-12-17 06:17:21.761114
12.664,759.6,12.711,1421.7,Hyperliquid,2023-12-17 06:17:21.761114
12.648,98.8,12.716,1674.0,Hyperliquid,2023-12-17 06:17:21.761114
12.647,1735.2,12.725,1701.0,Hyperliquid,2023-12-17 06:17:21.761114
12.646,1719.4,12.726,1653.0,Hyperliquid,2023-12-17 06:17:21.761114
12.608,317.4,12.735,196.4,Hyperliquid,2023-12-17 06:17:21.761114
12.6,158.7,12.736,1558.4,Hyperliquid,2023-12-17 06:17:21.761114
12.583,14.0,12.744,78.4,Hyperliquid,2023-12-17 06:17:21.761114
12.579,1857.7,12.765,3176.0,Hyperliquid,2023-12-17 06:17:21.761114
12.574,3058.1,12.82,8411.5,Hyperliquid,2023-12-17 06:17:21.761114
12.571,2.7,12.833,7979.5,Hyperliquid,2023-12-17 06:17:21.761114
12.539,149.1,12.879,8249.0,Hyperliquid,2023-12-17 06:17:21.761114
12.52,67.8,12.88,8446.4,Hyperliquid,2023-12-17 06:17:21.761114
12.5,61.2,12.997,8054.8,Hyperliquid,2023-12-17 06:17:21.761114
13.052,412.8,13.056,810.0,Hyperliquid,2023-12-17 07:12:29.129181
13.05,410.4,13.058,3028.5,Hyperliquid,2023-12-17 07:12:29.129181
13.048,696.6,13.059,691.7,Hyperliquid,2023-12-17 07:12:29.129181
13.047,731.3,13.062,3144.1,Hyperliquid,2023-12-17 07:12:29.129181
13.043,800.1,13.069,1528.5,Hyperliquid,2023-12-17 07:12:29.129181
13.042,797.6,13.072,1403.6,Hyperliquid,2023-12-17 07:12:29.129181
13.041,838.1,13.075,1532.1,Hyperliquid,2023-12-17 07:12:29.129181
13.024,96.0,13.087,3115.9,Hyperliquid,2023-12-17 07:12:29.129181
13.023,96.0,13.1,2.3,Hyperliquid,2023-12-17 07:12:29.129181
13.022,713.3,13.102,171.7,Hyperliquid,2023-12-17 07:12:29.129181
13.021,717.1,13.127,3006.0,Hyperliquid,2023-12-17 07:12:29.129181
13.003,3208.7,13.178,8074.5,Hyperliquid,2023-12-17 07:12:29.129181
12.936,1496.8,13.184,7138.3,Hyperliquid,2023-12-17 07:12:29.129181
12.93,1495.3,13.224,7180.6,Hyperliquid,2023-12-17 07:12:29.129181
12.816,14790.6,13.237,7781.2,Hyperliquid,2023-12-17 07:12:29.129181
12.689,7156.3,13.25,200.0,Hyperliquid,2023-12-17 07:12:29.129181
12.68,8578.3,13.346,7840.4,Hyperliquid,2023-12-17 07:12:29.129181
12.608,317.4,13.367,8092.7,Hyperliquid,2023-12-17 07:12:29.129181
12.6,158.7,13.5,158.7,Hyperliquid,2023-12-17 07:12:29.129181
12.583,14.0,13.7,31.7,Hyperliquid,2023-12-17 07:12:29.129181
13.342,350.1,13.346,1543.4,Hyperliquid,2023-12-17 08:16:39.111628
13.34,1132.5,13.347,712.3,Hyperliquid,2023-12-17 08:16:39.111628
13.338,819.7,13.348,1636.5,Hyperliquid,2023-12-17 08:16:39.111628
13.337,822.2,13.349,765.7,Hyperliquid,2023-12-17 08:16:39.111628
13.33,789.4,13.35,1536.3,Hyperliquid,2023-12-17 08:16:39.111628
13.329,780.0,13.351,1394.4,Hyperliquid,2023-12-17 08:16:39.111628
13.316,790.2,13.352,1408.7,Hyperliquid,2023-12-17 08:16:39.111628
13.315,702.4,13.358,1632.0,Hyperliquid,2023-12-17 08:16:39.111628
13.297,188.0,13.359,1374.3,Hyperliquid,2023-12-17 08:16:39.111628
13.295,1567.5,13.369,2949.8,Hyperliquid,2023-12-17 08:16:39.111628
13.292,1503.8,13.377,1375.7,Hyperliquid,2023-12-17 08:16:39.111628
13.256,1468.1,13.38,93.4,Hyperliquid,2023-12-17 08:16:39.111628
13.252,1569.7,13.383,1398.3,Hyperliquid,2023-12-17 08:16:39.111628
13.175,7837.5,13.415,1516.3,Hyperliquid,2023-12-17 08:16:39.111628
13.145,7965.0,13.416,1631.3,Hyperliquid,2023-12-17 08:16:39.111628
13.112,65.5,13.493,7426.8,Hyperliquid,2023-12-17 08:16:39.111628
13.03,8023.2,13.497,7191.6,Hyperliquid,2023-12-17 08:16:39.111628
13.028,7358.2,13.5,158.7,Hyperliquid,2023-12-17 08:16:39.111628
12.896,287.0,13.538,7424.7,Hyperliquid,2023-12-17 08:16:39.111628
12.889,7539.9,13.542,8029.6,Hyperliquid,2023-12-17 08:16:39.111628
13.498,729.1,13.502,1540.2,Hyperliquid,2023-12-17 09:12:49.810540
13.497,682.2,13.503,1412.0,Hyperliquid,2023-12-17 09:12:49.810540
13.494,1483.1,13.504,1416.1,Hyperliquid,2023-12-17 09:12:49.810540
13.488,1413.4,13.507,1583.0,Hyperliquid,2023-12-17 09:12:49.810540
13.476,694.8,13.508,1540.1,Hyperliquid,2023-12-17 09:12:49.810540
13.475,713.3,13.518,1433.1,Hyperliquid,2023-12-17 09:12:49.810540
13.453,185.8,13.52,1550.3,Hyperliquid,2023-12-17 09:12:49.810540
13.452,1618.3,13.531,92.4,Hyperliquid,2023-12-17 09:12:49.810540
13.451,1358.4,13.532,1495.8,Hyperliquid,2023-12-17 09:12:49.810540
13.401,1492.0,13.536,73.8,Hyperliquid,2023-12-17 09:12:49.810540
13.4,1585.1,13.538,1351.5,Hyperliquid,2023-12-17 09:12:49.810540
13.277,8096.7,13.568,92.1,Hyperliquid,2023-12-17 09:12:49.810540
13.274,7946.4,13.569,3171.2,Hyperliquid,2023-12-17 09:12:49.810540
13.187,7178.4,13.622,7093.5,Hyperliquid,2023-12-17 09:12:49.810540
13.176,7333.1,13.624,7497.5,Hyperliquid,2023-12-17 09:12:49.810540
13.112,65.5,13.68,7174.6,Hyperliquid,2023-12-17 09:12:49.810540
12.984,7501.9,13.708,6967.7,Hyperliquid,2023-12-17 09:12:49.810540
12.956,8340.9,13.71,75.9,Hyperliquid,2023-12-17 09:12:49.810540
12.896,287.0,13.792,14132.6,Hyperliquid,2023-12-17 09:12:49.810540
12.8,7.8,13.823,146.4,Hyperliquid,2023-12-17 09:12:49.810540
13.523,468.9,13.526,1428.4,Hyperliquid,2023-12-17 10:13:58.952904
13.522,884.4,13.527,1857.9,Hyperliquid,2023-12-17 10:13:58.952904
13.521,473.9,13.528,1586.6,Hyperliquid,2023-12-17 10:13:58.952904
13.519,873.8,13.529,1507.5,Hyperliquid,2023-12-17 10:13:58.952904
13.518,842.9,13.532,1419.2,Hyperliquid,2023-12-17 10:13:58.952904
13.514,915.7,13.533,1598.6,Hyperliquid,2023-12-17 10:13:58.952904
13.513,810.0,13.542,2978.9,Hyperliquid,2023-12-17 10:13:58.952904
13.505,948.3,13.55,92.3,Hyperliquid,2023-12-17 10:13:58.952904
13.502,917.0,13.559,3075.6,Hyperliquid,2023-12-17 10:13:58.952904
13.486,1702.8,13.564,165.9,Hyperliquid,2023-12-17 10:13:58.952904
13.485,1402.3,13.591,1339.9,Hyperliquid,2023-12-17 10:13:58.952904
13.456,92.9,13.596,1597.5,Hyperliquid,2023-12-17 10:13:58.952904
13.455,1458.5,13.659,14217.7,Hyperliquid,2023-12-17 10:13:58.952904
13.453,1499.6,13.716,11527.4,Hyperliquid,2023-12-17 10:13:58.952904
13.36,8065.6,13.823,146.4,Hyperliquid,2023-12-17 10:13:58.952904
13.355,7250.9,13.859,7229.5,Hyperliquid,2023-12-17 10:13:58.952904
13.26,16061.7,13.869,7160.2,Hyperliquid,2023-12-17 10:13:58.952904
13.117,15035.1,14.0,750.0,Hyperliquid,2023-12-17 10:13:58.952904
13.112,65.5,14.038,140.6,Hyperliquid,2023-12-17 10:13:58.952904
12.896,287.0,14.04,75.9,Hyperliquid,2023-12-17 10:13:58.952904
13.945,370.6,13.95,1391.8,Hyperliquid,2023-12-17 11:11:02.610356
13.944,383.0,13.953,2908.4,Hyperliquid,2023-12-17 11:11:02.610356
13.943,374.5,13.959,1292.2,Hyperliquid,2023-12-17 11:11:02.610356
13.942,1471.0,13.962,1364.7,Hyperliquid,2023-12-17 11:11:02.610356
13.931,1477.5,13.972,2610.5,Hyperliquid,2023-12-17 11:11:02.610356
13.924,1497.7,13.986,71.5,Hyperliquid,2023-12-17 11:11:02.610356
13.898,89.9,13.989,89.4,Hyperliquid,2023-12-17 11:11:02.610356
