bid_price,bid_size,ask_price,ask_size,protocol_name,timestamp
0.80455,1570.8,0.80476,1615.0,Hyperliquid,2023-10-14 12:24:08.466165
0.80454,3781.1,0.80478,1773.2,Hyperliquid,2023-10-14 12:24:08.466165
0.80446,21873.5,0.80489,18579.7,Hyperliquid,2023-10-14 12:24:08.466165
0.80445,20915.4,0.8049,17911.1,Hyperliquid,2023-10-14 12:24:08.466165
0.80441,21327.1,0.80501,17722.8,Hyperliquid,2023-10-14 12:24:08.466165
0.80435,18610.8,0.80507,18229.4,Hyperliquid,2023-10-14 12:24:08.466165
0.80388,19652.1,0.80575,17653.9,Hyperliquid,2023-10-14 12:24:08.466165
0.8038,18893.9,0.80584,17812.7,Hyperliquid,2023-10-14 12:24:08.466165
0.80323,41475.9,0.8071,39257.0,Hyperliquid,2023-10-14 12:24:08.466165
0.8012,41296.1,0.80909,19784.6,Hyperliquid,2023-10-14 12:24:08.466165
0.79816,101849.0,0.80914,19839.9,Hyperliquid,2023-10-14 12:24:08.466165
0.7981,106682.1,0.81255,92422.4,Hyperliquid,2023-10-14 12:24:08.466165
0.79581,100435.4,0.81256,100625.3,Hyperliquid,2023-10-14 12:24:08.466165
0.7944,92263.2,0.81743,95273.6,Hyperliquid,2023-10-14 12:24:08.466165
0.78978,88929.3,0.81794,108553.9,Hyperliquid,2023-10-14 12:24:08.466165
0.78946,90553.8,0.82327,106298.0,Hyperliquid,2023-10-14 12:24:08.466165
0.76,20000.0,0.82449,107354.9,Hyperliquid,2023-10-14 12:24:08.466165
,,0.8717,59.4,Hyperliquid,2023-10-14 12:24:08.466165
,,2.49,292.5,Hyperliquid,2023-10-14 12:24:08.466165
0.80475,4204.3,0.80496,1593.0,Hyperliquid,2023-10-14 13:14:30.902014
0.80463,40954.8,0.80498,1535.1,Hyperliquid,2023-10-14 13:14:30.902014
0.80459,40166.5,0.8051,34694.8,Hyperliquid,2023-10-14 13:14:30.902014
0.80409,18213.1,0.80527,34808.6,Hyperliquid,2023-10-14 13:14:30.902014
0.80398,20507.1,0.80586,17487.3,Hyperliquid,2023-10-14 13:14:30.902014
0.80311,18310.3,0.80609,16520.5,Hyperliquid,2023-10-14 13:14:30.902014
0.80303,21378.5,0.80683,20066.8,Hyperliquid,2023-10-14 13:14:30.902014
0.80189,36768.3,0.80684,18877.3,Hyperliquid,2023-10-14 13:14:30.902014
0.79816,101849.0,0.80897,19764.4,Hyperliquid,2023-10-14 13:14:30.902014
0.7981,106682.1,0.8093,20162.3,Hyperliquid,2023-10-14 13:14:30.902014
0.79581,100435.4,0.81427,105005.7,Hyperliquid,2023-10-14 13:14:30.902014
0.7944,92263.2,0.81428,101105.3,Hyperliquid,2023-10-14 13:14:30.902014
0.78978,88929.3,0.81743,95273.6,Hyperliquid,2023-10-14 13:14:30.902014
0.78946,90553.8,0.81794,108553.9,Hyperliquid,2023-10-14 13:14:30.902014
0.76,20000.0,0.82327,106298.0,Hyperliquid,2023-10-14 13:14:30.902014
,,0.82449,107354.9,Hyperliquid,2023-10-14 13:14:30.902014
,,0.8717,59.4,Hyperliquid,2023-10-14 13:14:30.902014
,,2.49,292.5,Hyperliquid,2023-10-14 13:14:30.902014
0.80601,655.5,0.80623,1637.8,Hyperliquid,2023-10-14 14:11:10.571591
0.806,4052.9,0.80624,1863.8,Hyperliquid,2023-10-14 14:11:10.571591
0.8059,40877.1,0.80636,35045.2,Hyperliquid,2023-10-14 14:11:10.571591
0.8058,19082.0,0.80649,34000.6,Hyperliquid,2023-10-14 14:11:10.571591
0.80579,21309.4,0.8066,18.3,Hyperliquid,2023-10-14 14:11:10.571591
0.80531,38064.0,0.80722,31631.6,Hyperliquid,2023-10-14 14:11:10.571591
0.80467,41442.9,0.80854,21291.2,Hyperliquid,2023-10-14 14:11:10.571591
0.80334,41721.6,0.80863,21234.6,Hyperliquid,2023-10-14 14:11:10.571591
0.79951,199098.7,0.81068,20817.5,Hyperliquid,2023-10-14 14:11:10.571591
0.79642,97069.3,0.81103,20052.8,Hyperliquid,2023-10-14 14:11:10.571591
0.79581,100435.4,0.81427,105005.7,Hyperliquid,2023-10-14 14:11:10.571591
0.78978,88929.3,0.81428,101105.3,Hyperliquid,2023-10-14 14:11:10.571591
0.78946,90553.8,0.81794,108553.9,Hyperliquid,2023-10-14 14:11:10.571591
0.76,20000.0,0.81998,91995.3,Hyperliquid,2023-10-14 14:11:10.571591
,,0.82449,107354.9,Hyperliquid,2023-10-14 14:11:10.571591
,,0.8274,97651.9,Hyperliquid,2023-10-14 14:11:10.571591
,,0.8717,59.4,Hyperliquid,2023-10-14 14:11:10.571591
,,2.49,292.5,Hyperliquid,2023-10-14 14:11:10.571591
0.8035,964.7,0.80372,3732.2,Hyperliquid,2023-10-14 15:12:25.539691
0.80349,1845.1,0.80387,19186.0,Hyperliquid,2023-10-14 15:12:25.539691
0.80348,1913.5,0.80388,17532.7,Hyperliquid,2023-10-14 15:12:25.539691
0.80343,18664.6,0.80391,17203.8,Hyperliquid,2023-10-14 15:12:25.539691
0.80342,19651.7,0.80392,16060.4,Hyperliquid,2023-10-14 15:12:25.539691
0.80325,18631.7,0.80434,13.0,Hyperliquid,2023-10-14 15:12:25.539691
0.80324,20076.8,0.80473,16483.9,Hyperliquid,2023-10-14 15:12:25.539691
0.80283,20770.7,0.80474,19283.3,Hyperliquid,2023-10-14 15:12:25.539691
0.80266,18282.6,0.8057,21978.2,Hyperliquid,2023-10-14 15:12:25.539691
0.80203,21227.7,0.80571,19800.7,Hyperliquid,2023-10-14 15:12:25.539691
0.80191,18517.0,0.80791,18569.0,Hyperliquid,2023-10-14 15:12:25.539691
0.80057,18829.5,0.80796,21811.2,Hyperliquid,2023-10-14 15:12:25.539691
0.80041,19280.8,0.81093,90669.2,Hyperliquid,2023-10-14 15:12:25.539691
0.79727,99217.8,0.81198,87070.8,Hyperliquid,2023-10-14 15:12:25.539691
0.79678,100895.0,0.81541,91626.3,Hyperliquid,2023-10-14 15:12:25.539691
0.79384,98065.4,0.81603,92892.2,Hyperliquid,2023-10-14 15:12:25.539691
0.79253,87410.3,0.82399,87026.6,Hyperliquid,2023-10-14 15:12:25.539691
0.78617,103696.5,0.82449,107354.9,Hyperliquid,2023-10-14 15:12:25.539691
0.78599,87360.1,0.8717,59.4,Hyperliquid,2023-10-14 15:12:25.539691
0.76,20000.0,2.49,292.5,Hyperliquid,2023-10-14 15:12:25.539691
0.80728,436.1,0.80752,3608.1,Hyperliquid,2023-10-14 16:15:56.011700
0.80727,3964.7,0.80762,3603.8,Hyperliquid,2023-10-14 16:15:56.011700
0.80724,20036.2,0.80766,35722.4,Hyperliquid,2023-10-14 16:15:56.011700
0.80721,18213.6,0.80773,15.0,Hyperliquid,2023-10-14 16:15:56.011700
0.80716,18760.1,0.80775,34312.8,Hyperliquid,2023-10-14 16:15:56.011700
0.80714,20470.9,0.80779,34715.7,Hyperliquid,2023-10-14 16:15:56.011700
0.80713,39346.5,0.80789,17709.4,Hyperliquid,2023-10-14 16:15:56.011700
0.80705,40852.3,0.80847,16047.1,Hyperliquid,2023-10-14 16:15:56.011700
0.80653,18703.7,0.80851,16263.9,Hyperliquid,2023-10-14 16:15:56.011700
0.80636,20055.7,0.80939,40915.2,Hyperliquid,2023-10-14 16:15:56.011700
0.80571,20210.2,0.8114,42431.5,Hyperliquid,2023-10-14 16:15:56.011700
0.8057,19734.0,0.81551,90132.8,Hyperliquid,2023-10-14 16:15:56.011700
0.80398,20891.7,0.81596,99632.5,Hyperliquid,2023-10-14 16:15:56.011700
0.80395,21863.7,0.81857,89711.5,Hyperliquid,2023-10-14 16:15:56.011700
0.80137,97828.3,0.82032,95937.1,Hyperliquid,2023-10-14 16:15:56.011700
0.80085,99740.9,0.82804,91623.6,Hyperliquid,2023-10-14 16:15:56.011700
0.79859,102803.5,0.82858,104437.3,Hyperliquid,2023-10-14 16:15:56.011700
0.798,93345.7,0.8717,59.4,Hyperliquid,2023-10-14 16:15:56.011700
0.78947,106576.9,2.49,292.5,Hyperliquid,2023-10-14 16:15:56.011700
0.78932,107052.6,,,Hyperliquid,2023-10-14 16:15:56.011700
0.8057,238.6,0.80592,3704.2,Hyperliquid,2023-10-14 17:10:59.920555
0.80569,4215.4,0.80595,15.4,Hyperliquid,2023-10-14 17:10:59.920555
0.8056,42718.8,0.80605,19185.0,Hyperliquid,2023-10-14 17:10:59.920555
0.80551,18179.7,0.80607,16634.9,Hyperliquid,2023-10-14 17:10:59.920555
0.8055,21338.4,0.80617,19282.0,Hyperliquid,2023-10-14 17:10:59.920555
0.80492,41100.0,0.80619,19281.0,Hyperliquid,2023-10-14 17:10:59.920555
0.80428,22110.3,0.80706,17687.7,Hyperliquid,2023-10-14 17:10:59.920555
0.80423,21135.2,0.80707,17454.9,Hyperliquid,2023-10-14 17:10:59.920555
0.80247,21073.3,0.80808,21952.3,Hyperliquid,2023-10-14 17:10:59.920555
0.80238,21696.7,0.80812,21589.7,Hyperliquid,2023-10-14 17:10:59.920555
0.79996,109108.4,0.81032,38843.6,Hyperliquid,2023-10-14 17:10:59.920555
0.79926,109530.3,0.81385,89585.3,Hyperliquid,2023-10-14 17:10:59.920555
0.79652,98559.7,0.81418,106339.5,Hyperliquid,2023-10-14 17:10:59.920555
0.79595,100501.7,0.81785,96499.0,Hyperliquid,2023-10-14 17:10:59.920555
0.78947,106576.9,0.81857,89711.5,Hyperliquid,2023-10-14 17:10:59.920555
0.78932,107052.6,0.82433,93142.9,Hyperliquid,2023-10-14 17:10:59.920555
0.76,20000.0,0.82804,91623.6,Hyperliquid,2023-10-14 17:10:59.920555
,,0.8717,59.4,Hyperliquid,2023-10-14 17:10:59.920555
,,2.49,292.5,Hyperliquid,2023-10-14 17:10:59.920555
0.80473,2021.4,0.80494,3560.6,Hyperliquid,2023-10-14 18:16:29.470357
0.80472,598.4,0.8051,33721.8,Hyperliquid,2023-10-14 18:16:29.470357
0.80471,1937.9,0.80523,17003.6,Hyperliquid,2023-10-14 18:16:29.470357
0.80465,40410.6,0.80524,16467.9,Hyperliquid,2023-10-14 18:16:29.470357
0.80455,39720.5,0.80533,19.6,Hyperliquid,2023-10-14 18:16:29.470357
0.80397,20051.9,0.80591,16167.1,Hyperliquid,2023-10-14 18:16:29.470357
0.80386,19830.0,0.80593,16648.6,Hyperliquid,2023-10-14 18:16:29.470357
0.80284,42177.8,0.80697,19474.8,Hyperliquid,2023-10-14 18:16:29.470357
0.8017,40851.1,0.80702,21914.2,Hyperliquid,2023-10-14 18:16:29.470357
0.79854,107042.5,0.80869,21489.1,Hyperliquid,2023-10-14 18:16:29.470357
0.79789,104811.4,0.80873,21089.3,Hyperliquid,2023-10-14 18:16:29.470357
0.79652,98559.7,0.81257,96454.5,Hyperliquid,2023-10-14 18:16:29.470357
0.79595,100501.7,0.81385,89585.3,Hyperliquid,2023-10-14 18:16:29.470357
0.78947,106576.9,0.81785,96499.0,Hyperliquid,2023-10-14 18:16:29.470357
0.78932,107052.6,0.81857,89711.5,Hyperliquid,2023-10-14 18:16:29.470357
0.76,20000.0,0.82433,93142.9,Hyperliquid,2023-10-14 18:16:29.470357
,,0.82804,91623.6,Hyperliquid,2023-10-14 18:16:29.470357
,,0.8717,59.4,Hyperliquid,2023-10-14 18:16:29.470357
,,2.49,292.5,Hyperliquid,2023-10-14 18:16:29.470357
0.80477,26.6,0.80498,1941.9,Hyperliquid,2023-10-14 19:10:18.644171
0.80476,4415.7,0.80499,1667.2,Hyperliquid,2023-10-14 19:10:18.644171
0.80466,37171.3,0.80509,36473.7,Hyperliquid,2023-10-14 19:10:18.644171
0.80457,18296.6,0.80521,37791.7,Hyperliquid,2023-10-14 19:10:18.644171
0.80456,20155.9,0.8061,36432.7,Hyperliquid,2023-10-14 19:10:18.644171
0.80417,20999.8,0.80693,18747.6,Hyperliquid,2023-10-14 19:10:18.644171
0.8041,18542.2,0.80709,22067.0,Hyperliquid,2023-10-14 19:10:18.644171
0.80311,41598.5,0.80864,21729.7,Hyperliquid,2023-10-14 19:10:18.644171
0.80164,38795.0,0.80871,19508.3,Hyperliquid,2023-10-14 19:10:18.644171
0.79854,107042.5,0.81257,96454.5,Hyperliquid,2023-10-14 19:10:18.644171
0.79791,108401.6,0.81385,89585.3,Hyperliquid,2023-10-14 19:10:18.644171
0.79652,98559.7,0.81785,96499.0,Hyperliquid,2023-10-14 19:10:18.644171
0.79595,100501.7,0.81857,89711.5,Hyperliquid,2023-10-14 19:10:18.644171
0.78947,106576.9,0.82407,100879.0,Hyperliquid,2023-10-14 19:10:18.644171
0.78932,107052.6,0.82433,93142.9,Hyperliquid,2023-10-14 19:10:18.644171
0.76,20000.0,0.8717,59.4,Hyperliquid,2023-10-14 19:10:18.644171
,,2.49,292.5,Hyperliquid,2023-10-14 19:10:18.644171
0.80584,15.5,0.80595,3575.5,Hyperliquid,2023-10-14 20:13:06.389679
0.80573,4382.5,0.80607,37319.7,Hyperliquid,2023-10-14 20:13:06.389679
0.80567,39748.5,0.80609,3443.3,Hyperliquid,2023-10-14 20:13:06.389679
0.80563,36432.4,0.80619,33275.2,Hyperliquid,2023-10-14 20:13:06.389679
0.80553,39210.3,0.80621,34178.9,Hyperliquid,2023-10-14 20:13:06.389679
0.80521,19106.8,0.80633,36390.0,Hyperliquid,2023-10-14 20:13:06.389679
0.80518,22095.0,0.80652,17.0,Hyperliquid,2023-10-14 20:13:06.389679
0.80495,41808.9,0.807,16511.5,Hyperliquid,2023-10-14 20:13:06.389679
0.80439,21754.1,0.80709,16375.6,Hyperliquid,2023-10-14 20:13:06.389679
0.80419,21756.9,0.80795,18828.0,Hyperliquid,2023-10-14 20:13:06.389679
0.80238,18647.4,0.80805,19292.5,Hyperliquid,2023-10-14 20:13:06.389679
0.80228,20896.1,0.80947,20816.6,Hyperliquid,2023-10-14 20:13:06.389679
0.79924,95878.0,0.80962,21867.2,Hyperliquid,2023-10-14 20:13:06.389679
0.79854,107042.5,0.81257,96454.5,Hyperliquid,2023-10-14 20:13:06.389679
0.79595,100501.7,0.81386,103214.1,Hyperliquid,2023-10-14 20:13:06.389679
0.79451,95514.6,0.81619,107594.7,Hyperliquid,2023-10-14 20:13:06.389679
0.78947,106576.9,0.81785,96499.0,Hyperliquid,2023-10-14 20:13:06.389679
0.78932,107052.6,0.82407,100879.0,Hyperliquid,2023-10-14 20:13:06.389679
0.76,20000.0,0.82433,93142.9,Hyperliquid,2023-10-14 20:13:06.389679
,,0.8717,59.4,Hyperliquid,2023-10-14 20:13:06.389679
0.80533,3653.8,0.80556,3671.8,Hyperliquid,2023-10-14 21:11:02.014728
0.80529,37.7,0.80574,35780.4,Hyperliquid,2023-10-14 21:11:02.014728
0.80528,4236.0,0.80588,35858.7,Hyperliquid,2023-10-14 21:11:02.014728
0.80521,40381.8,0.80599,14.2,Hyperliquid,2023-10-14 21:11:02.014728
0.8051,19527.1,0.80648,17637.9,Hyperliquid,2023-10-14 21:11:02.014728
0.80509,18630.6,0.80665,16853.2,Hyperliquid,2023-10-14 21:11:02.014728
0.80455,20509.1,0.80766,19531.5,Hyperliquid,2023-10-14 21:11:02.014728
0.80446,20947.5,0.80767,18559.2,Hyperliquid,2023-10-14 21:11:02.014728
0.80383,41860.1,0.80959,20166.1,Hyperliquid,2023-10-14 21:11:02.014728
0.80255,18512.0,0.80965,20511.3,Hyperliquid,2023-10-14 21:11:02.014728
0.80219,19449.4,0.81384,94906.0,Hyperliquid,2023-10-14 21:11:02.014728
0.79916,109870.7,0.81422,96741.6,Hyperliquid,2023-10-14 21:11:02.014728
0.79855,92873.6,0.81619,107594.7,Hyperliquid,2023-10-14 21:11:02.014728
0.796,100155.8,0.81785,96499.0,Hyperliquid,2023-10-14 21:11:02.014728
0.79451,95514.6,0.82407,100879.0,Hyperliquid,2023-10-14 21:11:02.014728
0.78947,106576.9,0.82433,93142.9,Hyperliquid,2023-10-14 21:11:02.014728
0.78932,107052.6,0.8717,59.4,Hyperliquid,2023-10-14 21:11:02.014728
0.76,20000.0,2.49,292.5,Hyperliquid,2023-10-14 21:11:02.014728
0.8042,3936.2,0.80442,1922.5,Hyperliquid,2023-10-14 22:11:48.717942
0.80411,39.2,0.80444,1630.4,Hyperliquid,2023-10-14 22:11:48.717942
0.8041,19021.1,0.80457,18834.2,Hyperliquid,2023-10-14 22:11:48.717942
0.80409,20983.1,0.80458,17943.3,Hyperliquid,2023-10-14 22:11:48.717942
0.80399,40421.7,0.8047,32777.2,Hyperliquid,2023-10-14 22:11:48.717942
0.80329,44127.5,0.8048,12.8,Hyperliquid,2023-10-14 22:11:48.717942
0.80237,43703.7,0.80529,17817.6,Hyperliquid,2023-10-14 22:11:48.717942
0.80079,20624.1,0.8053,17726.7,Hyperliquid,2023-10-14 22:11:48.717942
0.80038,21092.8,0.80605,42519.0,Hyperliquid,2023-10-14 22:11:48.717942
0.79783,108631.1,0.80781,19360.0,Hyperliquid,2023-10-14 22:11:48.717942
0.79721,101668.4,0.80804,18834.8,Hyperliquid,2023-10-14 22:11:48.717942
0.79451,95514.6,0.81219,91656.5,Hyperliquid,2023-10-14 22:11:48.717942
0.79397,104617.8,0.81266,100949.5,Hyperliquid,2023-10-14 22:11:48.717942
0.78947,106576.9,0.81545,95223.3,Hyperliquid,2023-10-14 22:11:48.717942
0.78932,107052.6,0.81619,107594.7,Hyperliquid,2023-10-14 22:11:48.717942
0.76,20000.0,0.82407,100879.0,Hyperliquid,2023-10-14 22:11:48.717942
,,0.82433,93142.9,Hyperliquid,2023-10-14 22:11:48.717942
,,0.8717,59.4,Hyperliquid,2023-10-14 22:11:48.717942
,,2.49,292.5,Hyperliquid,2023-10-14 22:11:48.717942
0.80258,3905.8,0.8028,3779.1,Hyperliquid,2023-10-14 23:12:30.765822
0.80253,160.1,0.80292,36840.5,Hyperliquid,2023-10-14 23:12:30.765822
0.80246,38179.9,0.80302,34590.2,Hyperliquid,2023-10-14 23:12:30.765822
0.80242,40546.6,0.8031,33243.8,Hyperliquid,2023-10-14 23:12:30.765822
0.80177,18286.5,0.80336,13.3,Hyperliquid,2023-10-14 23:12:30.765822
0.80176,18237.1,0.80337,21.3,Hyperliquid,2023-10-14 23:12:30.765822
0.80106,40691.2,0.80361,34985.5,Hyperliquid,2023-10-14 23:12:30.765822
0.79987,20134.8,0.80469,22015.2,Hyperliquid,2023-10-14 23:12:30.765822
0.79959,21231.0,0.80492,21195.6,Hyperliquid,2023-10-14 23:12:30.765822
0.79635,97923.3,0.80685,21271.9,Hyperliquid,2023-10-14 23:12:30.765822
0.79583,111093.2,0.8072,18788.4,Hyperliquid,2023-10-14 23:12:30.765822
0.7925,107330.7,0.81059,95029.0,Hyperliquid,2023-10-14 23:12:30.765822
0.79195,97259.2,0.81102,99571.2,Hyperliquid,2023-10-14 23:12:30.765822
0.78612,97745.9,0.81374,106869.6,Hyperliquid,2023-10-14 23:12:30.765822
0.78604,95994.5,0.81545,95223.3,Hyperliquid,2023-10-14 23:12:30.765822
0.76,20000.0,0.82407,100879.0,Hyperliquid,2023-10-14 23:12:30.765822
,,0.82433,93142.9,Hyperliquid,2023-10-14 23:12:30.765822
,,0.8717,59.4,Hyperliquid,2023-10-14 23:12:30.765822
,,2.49,292.5,Hyperliquid,2023-10-14 23:12:30.765822
0.80379,1882.3,0.804,3650.8,Hyperliquid,2023-10-15 01:04:32.727403
0.80377,2102.6,0.80406,13.9,Hyperliquid,2023-10-15 01:04:32.727403
0.80369,18594.0,0.80412,16216.6,Hyperliquid,2023-10-15 01:04:32.727403
0.80367,19099.1,0.80415,18115.1,Hyperliquid,2023-10-15 01:04:32.727403
0.80358,18246.7,0.80425,16417.0,Hyperliquid,2023-10-15 01:04:32.727403
0.80356,19976.7,0.80427,16641.9,Hyperliquid,2023-10-15 01:04:32.727403
0.80338,21.7,0.80509,17912.5,Hyperliquid,2023-10-15 01:04:32.727403
0.80306,20136.1,0.80511,19339.8,Hyperliquid,2023-10-15 01:04:32.727403
0.80304,21971.2,0.80571,21031.1,Hyperliquid,2023-10-15 01:04:32.727403
0.80199,21294.2,0.80585,20025.6,Hyperliquid,2023-10-15 01:04:32.727403
0.80195,21402.7,0.80772,19596.4,Hyperliquid,2023-10-15 01:04:32.727403
0.80002,38678.9,0.80784,21147.5,Hyperliquid,2023-10-15 01:04:32.727403
0.79736,100024.7,0.8104,106985.5,Hyperliquid,2023-10-15 01:04:32.727403
0.79691,99584.3,0.81174,94043.8,Hyperliquid,2023-10-15 01:04:32.727403
0.79259,105729.2,0.81364,91392.9,Hyperliquid,2023-10-15 01:04:32.727403
0.79228,97530.6,0.8157,95949.7,Hyperliquid,2023-10-15 01:04:32.727403
0.78607,94384.9,0.81995,92378.4,Hyperliquid,2023-10-15 01:04:32.727403
0.78576,103007.1,0.82358,85531.8,Hyperliquid,2023-10-15 01:04:32.727403
0.76,20000.0,0.8717,59.4,Hyperliquid,2023-10-15 01:04:32.727403
,,2.49,292.5,Hyperliquid,2023-10-15 01:04:32.727403
0.80426,2117.5,0.80451,1795.7,Hyperliquid,2023-10-15 02:22:48.857051
0.80425,2085.6,0.80452,1919.2,Hyperliquid,2023-10-15 02:22:48.857051
0.80414,38263.5,0.80465,18112.2,Hyperliquid,2023-10-15 02:22:48.857051
0.80402,19924.6,0.80466,19269.8,Hyperliquid,2023-10-15 02:22:48.857051
0.80397,21241.0,0.80473,18533.2,Hyperliquid,2023-10-15 02:22:48.857051
0.80346,21102.5,0.8048,17965.7,Hyperliquid,2023-10-15 02:22:48.857051
0.80337,21017.4,0.80554,37625.0,Hyperliquid,2023-10-15 02:22:48.857051
0.80243,19576.5,0.80611,20904.1,Hyperliquid,2023-10-15 02:22:48.857051
0.80239,18997.1,0.80655,21177.1,Hyperliquid,2023-10-15 02:22:48.857051
0.80047,22160.4,0.80835,18157.2,Hyperliquid,2023-10-15 02:22:48.857051
0.80046,22137.6,0.80874,20256.2,Hyperliquid,2023-10-15 02:22:48.857051
0.7982,110761.7,0.81195,108477.7,Hyperliquid,2023-10-15 02:22:48.857051
0.79729,94113.9,0.81319,100428.4,Hyperliquid,2023-10-15 02:22:48.857051
0.79453,107691.1,0.81612,98950.8,Hyperliquid,2023-10-15 02:22:48.857051
0.79434,91107.0,0.81815,89451.3,Hyperliquid,2023-10-15 02:22:48.857051
0.7891,102196.3,0.82361,103319.7,Hyperliquid,2023-10-15 02:22:48.857051
0.789,92758.4,0.82399,91838.7,Hyperliquid,2023-10-15 02:22:48.857051
0.76,20000.0,0.8717,59.4,Hyperliquid,2023-10-15 02:22:48.857051
,,2.49,292.5,Hyperliquid,2023-10-15 02:22:48.857051
0.80464,2156.9,0.8049,1614.1,Hyperliquid,2023-10-15 03:13:49.940206
0.80463,2005.3,0.80491,1613.6,Hyperliquid,2023-10-15 03:13:49.940206
0.8046,4103.4,0.80497,18343.7,Hyperliquid,2023-10-15 03:13:49.940206
0.80459,41408.8,0.80504,19098.2,Hyperliquid,2023-10-15 03:13:49.940206
0.80449,39669.8,0.80505,19202.2,Hyperliquid,2023-10-15 03:13:49.940206
0.80447,43379.3,0.80513,12.8,Hyperliquid,2023-10-15 03:13:49.940206
0.80445,16.7,0.80516,38061.6,Hyperliquid,2023-10-15 03:13:49.940206
0.80439,41150.4,0.80581,16379.3,Hyperliquid,2023-10-15 03:13:49.940206
0.8038,38850.4,0.80596,17582.2,Hyperliquid,2023-10-15 03:13:49.940206
0.80325,40894.0,0.80719,41426.6,Hyperliquid,2023-10-15 03:13:49.940206
0.8012,21386.1,0.80879,21798.4,Hyperliquid,2023-10-15 03:13:49.940206
0.80118,19694.3,0.80925,19009.2,Hyperliquid,2023-10-15 03:13:49.940206
0.79859,108505.9,0.81195,90879.8,Hyperliquid,2023-10-15 03:13:49.940206
0.79822,105116.0,0.81319,100428.4,Hyperliquid,2023-10-15 03:13:49.940206
0.79449,98762.8,0.81575,89762.8,Hyperliquid,2023-10-15 03:13:49.940206
0.79426,93261.9,0.81612,98950.8,Hyperliquid,2023-10-15 03:13:49.940206
0.7891,102196.3,0.82361,103319.7,Hyperliquid,2023-10-15 03:13:49.940206
0.789,92758.4,0.82399,91838.7,Hyperliquid,2023-10-15 03:13:49.940206
0.76,20000.0,0.8717,59.4,Hyperliquid,2023-10-15 03:13:49.940206
,,2.49,292.5,Hyperliquid,2023-10-15 03:13:49.940206
0.8035,4158.0,0.80374,3406.8,Hyperliquid,2023-10-15 04:15:32.846728
0.80339,42527.6,0.80386,37007.2,Hyperliquid,2023-10-15 04:15:32.846728
0.80329,37446.7,0.80388,13.2,Hyperliquid,2023-10-15 04:15:32.846728
0.8032,15.1,0.80398,33341.8,Hyperliquid,2023-10-15 04:15:32.846728
0.80271,20067.1,0.80459,17821.1,Hyperliquid,2023-10-15 04:15:32.846728
0.80259,21715.7,0.8046,17328.3,Hyperliquid,2023-10-15 04:15:32.846728
0.80179,19958.2,0.80543,18895.1,Hyperliquid,2023-10-15 04:15:32.846728
0.80177,19949.4,0.80563,21355.4,Hyperliquid,2023-10-15 04:15:32.846728
0.80039,42483.1,0.80723,18093.7,Hyperliquid,2023-10-15 04:15:32.846728
0.79722,100103.3,0.80758,18972.4,Hyperliquid,2023-10-15 04:15:32.846728
0.79677,108677.5,0.81156,107617.4,Hyperliquid,2023-10-15 04:15:32.846728
0.79449,98762.8,0.81199,106626.7,Hyperliquid,2023-10-15 04:15:32.846728
0.79423,97116.2,0.81575,89762.8,Hyperliquid,2023-10-15 04:15:32.846728
0.7891,102196.3,0.81612,98950.8,Hyperliquid,2023-10-15 04:15:32.846728
0.789,92758.4,0.82361,103319.7,Hyperliquid,2023-10-15 04:15:32.846728
0.76,20000.0,0.82399,91838.7,Hyperliquid,2023-10-15 04:15:32.846728
,,0.8717,59.4,Hyperliquid,2023-10-15 04:15:32.846728
,,2.49,292.5,Hyperliquid,2023-10-15 04:15:32.846728
0.80342,4116.7,0.80365,3564.0,Hyperliquid,2023-10-15 05:12:18.956695
0.80332,39202.2,0.80377,37469.1,Hyperliquid,2023-10-15 05:12:18.956695
0.80323,19129.2,0.80384,15.6,Hyperliquid,2023-10-15 05:12:18.956695
0.80322,18695.0,0.80389,34454.5,Hyperliquid,2023-10-15 05:12:18.956695
0.80316,16.1,0.80471,38351.6,Hyperliquid,2023-10-15 05:12:18.956695
0.80277,41304.8,0.80579,21037.1,Hyperliquid,2023-10-15 05:12:18.956695
0.80192,42228.6,0.8059,18207.4,Hyperliquid,2023-10-15 05:12:18.956695
0.80029,40555.7,0.80764,18714.8,Hyperliquid,2023-10-15 05:12:18.956695
0.79817,95293.3,0.80828,19846.1,Hyperliquid,2023-10-15 05:12:18.956695
0.79725,111426.5,0.81153,92147.1,Hyperliquid,2023-10-15 05:12:18.956695
0.79449,98762.8,0.81199,106626.7,Hyperliquid,2023-10-15 05:12:18.956695
0.79423,97116.2,0.81575,89762.8,Hyperliquid,2023-10-15 05:12:18.956695
0.7891,102196.3,0.81612,98950.8,Hyperliquid,2023-10-15 05:12:18.956695
0.789,92758.4,0.82361,103319.7,Hyperliquid,2023-10-15 05:12:18.956695
0.76,20000.0,0.82399,91838.7,Hyperliquid,2023-10-15 05:12:18.956695
,,0.8717,59.4,Hyperliquid,2023-10-15 05:12:18.956695
,,2.49,292.5,Hyperliquid,2023-10-15 05:12:18.956695
0.80454,2099.6,0.80476,1750.6,Hyperliquid,2023-10-15 06:17:18.606627
0.80452,13.6,0.80477,1806.9,Hyperliquid,2023-10-15 06:17:18.606627
0.80445,43831.2,0.80488,16816.1,Hyperliquid,2023-10-15 06:17:18.606627
0.80436,19274.8,0.80489,19293.5,Hyperliquid,2023-10-15 06:17:18.606627
0.80435,20882.5,0.80491,243.8,Hyperliquid,2023-10-15 06:17:18.606627
0.80384,40213.7,0.80501,35311.4,Hyperliquid,2023-10-15 06:17:18.606627
0.80301,20660.0,0.8052,14.6,Hyperliquid,2023-10-15 06:17:18.606627
0.80282,18827.7,0.80576,35006.6,Hyperliquid,2023-10-15 06:17:18.606627
0.80174,41490.8,0.80676,20199.8,Hyperliquid,2023-10-15 06:17:18.606627
0.79861,111431.6,0.80685,19124.4,Hyperliquid,2023-10-15 06:17:18.606627
0.79817,95293.3,0.80858,20162.2,Hyperliquid,2023-10-15 06:17:18.606627
0.79449,98762.8,0.80916,19321.1,Hyperliquid,2023-10-15 06:17:18.606627
0.79423,97116.2,0.81199,106626.7,Hyperliquid,2023-10-15 06:17:18.606627
0.7891,102196.3,0.81317,97020.8,Hyperliquid,2023-10-15 06:17:18.606627
0.789,92758.4,0.81575,89762.8,Hyperliquid,2023-10-15 06:17:18.606627
0.76,20000.0,0.81612,98950.8,Hyperliquid,2023-10-15 06:17:18.606627
,,0.82361,103319.7,Hyperliquid,2023-10-15 06:17:18.606627
,,0.82399,91838.7,Hyperliquid,2023-10-15 06:17:18.606627
,,0.8717,59.4,Hyperliquid,2023-10-15 06:17:18.606627
,,2.49,292.5,Hyperliquid,2023-10-15 06:17:18.606627
0.80559,4117.0,0.80582,1758.4,Hyperliquid,2023-10-15 07:11:34.384488
0.80558,106.2,0.80583,1743.4,Hyperliquid,2023-10-15 07:11:34.384488
0.80548,38385.2,0.8059,35746.3,Hyperliquid,2023-10-15 07:11:34.384488
0.80543,40358.4,0.80599,35390.2,Hyperliquid,2023-10-15 07:11:34.384488
0.80485,40945.9,0.80655,37848.8,Hyperliquid,2023-10-15 07:11:34.384488
0.80392,20929.7,0.80742,20005.3,Hyperliquid,2023-10-15 07:11:34.384488
0.80386,21395.0,0.80768,21324.0,Hyperliquid,2023-10-15 07:11:34.384488
0.80248,19024.4,0.80921,19391.5,Hyperliquid,2023-10-15 07:11:34.384488
0.80239,20202.6,0.80941,18692.1,Hyperliquid,2023-10-15 07:11:34.384488
0.79861,111431.6,0.81317,97020.8,Hyperliquid,2023-10-15 07:11:34.384488
0.79817,95293.3,0.81366,91125.3,Hyperliquid,2023-10-15 07:11:34.384488
0.79449,98762.8,0.81575,89762.8,Hyperliquid,2023-10-15 07:11:34.384488
0.79423,97116.2,0.81612,98950.8,Hyperliquid,2023-10-15 07:11:34.384488
0.7891,102196.3,0.82361,103319.7,Hyperliquid,2023-10-15 07:11:34.384488
0.789,92758.4,0.82399,91838.7,Hyperliquid,2023-10-15 07:11:34.384488
0.76,20000.0,0.8717,59.4,Hyperliquid,2023-10-15 07:11:34.384488
,,2.49,292.5,Hyperliquid,2023-10-15 07:11:34.384488
0.80498,3921.3,0.8052,1675.4,Hyperliquid,2023-10-15 08:15:47.845880
0.80489,41648.1,0.80523,1770.0,Hyperliquid,2023-10-15 08:15:47.845880
0.80486,39933.8,0.80532,34708.9,Hyperliquid,2023-10-15 08:15:47.845880
0.80431,21825.4,0.80536,12.8,Hyperliquid,2023-10-15 08:15:47.845880
0.80429,15.8,0.8055,34603.5,Hyperliquid,2023-10-15 08:15:47.845880
0.80428,19262.6,0.80618,17441.8,Hyperliquid,2023-10-15 08:15:47.845880
0.80361,19231.5,0.80623,17590.3,Hyperliquid,2023-10-15 08:15:47.845880
0.80339,19362.9,0.80718,21280.5,Hyperliquid,2023-10-15 08:15:47.845880
0.80242,22022.4,0.80733,21890.4,Hyperliquid,2023-10-15 08:15:47.845880
0.80233,20502.3,0.80917,19676.4,Hyperliquid,2023-10-15 08:15:47.845880
0.79945,102725.2,0.80943,18108.6,Hyperliquid,2023-10-15 08:15:47.845880
0.79861,111431.6,0.81317,97020.8,Hyperliquid,2023-10-15 08:15:47.845880
0.79649,108143.0,0.81366,91125.3,Hyperliquid,2023-10-15 08:15:47.845880
0.79626,104830.1,0.81612,98950.8,Hyperliquid,2023-10-15 08:15:47.845880
0.7891,102196.3,0.81815,102609.1,Hyperliquid,2023-10-15 08:15:47.845880
0.789,92758.4,0.82361,103319.7,Hyperliquid,2023-10-15 08:15:47.845880
0.76,20000.0,0.82399,91838.7,Hyperliquid,2023-10-15 08:15:47.845880
,,0.8717,59.4,Hyperliquid,2023-10-15 08:15:47.845880
,,2.49,292.5,Hyperliquid,2023-10-15 08:15:47.845880
0.81015,4035.9,0.81038,3554.0,Hyperliquid,2023-10-15 09:12:14.378387
0.81004,40512.9,0.81049,310.9,Hyperliquid,2023-10-15 09:12:14.378387
0.80994,37162.3,0.81051,33594.1,Hyperliquid,2023-10-15 09:12:14.378387
0.80947,19840.3,0.81063,36990.6,Hyperliquid,2023-10-15 09:12:14.378387
0.80935,19076.3,0.81137,17281.0,Hyperliquid,2023-10-15 09:12:14.378387
0.8087,19540.0,0.8114,16607.2,Hyperliquid,2023-10-15 09:12:14.378387
0.80864,20134.0,0.81247,19232.4,Hyperliquid,2023-10-15 09:12:14.378387
0.80752,18532.5,0.81253,21920.2,Hyperliquid,2023-10-15 09:12:14.378387
0.80743,19124.5,0.81441,20984.7,Hyperliquid,2023-10-15 09:12:14.378387
0.80409,103981.2,0.81455,19135.2,Hyperliquid,2023-10-15 09:12:14.378387
0.80356,100531.9,0.8182,101453.6,Hyperliquid,2023-10-15 09:12:14.378387
0.80052,95997.7,0.81864,97533.2,Hyperliquid,2023-10-15 09:12:14.378387
0.80029,103203.6,0.82056,93554.5,Hyperliquid,2023-10-15 09:12:14.378387
0.79245,107807.1,0.82103,107519.7,Hyperliquid,2023-10-15 09:12:14.378387
0.79229,96796.8,0.82756,107441.9,Hyperliquid,2023-10-15 09:12:14.378387
0.76,20000.0,0.82802,90930.6,Hyperliquid,2023-10-15 09:12:14.378387
,,0.8717,59.4,Hyperliquid,2023-10-15 09:12:14.378387
,,2.49,292.5,Hyperliquid,2023-10-15 09:12:14.378387
0.8061,3964.9,0.80634,3427.9,Hyperliquid,2023-10-15 10:13:31.673603
0.80602,166.4,0.80646,38000.2,Hyperliquid,2023-10-15 10:13:31.673603
0.80601,18556.8,0.80657,32916.9,Hyperliquid,2023-10-15 10:13:31.673603
0.806,20750.0,0.80693,13.8,Hyperliquid,2023-10-15 10:13:31.673603
0.80591,39534.9,0.80719,18404.4,Hyperliquid,2023-10-15 10:13:31.673603
0.80527,19962.2,0.80729,16604.3,Hyperliquid,2023-10-15 10:13:31.673603
0.80524,21549.1,0.80802,18659.4,Hyperliquid,2023-10-15 10:13:31.673603
0.80443,21945.8,0.80823,18786.1,Hyperliquid,2023-10-15 10:13:31.673603
0.80426,18744.9,0.80998,21772.0,Hyperliquid,2023-10-15 10:13:31.673603
0.80263,19806.5,0.81015,18858.8,Hyperliquid,2023-10-15 10:13:31.673603
0.80245,20226.6,0.81378,96698.8,Hyperliquid,2023-10-15 10:13:31.673603
0.80002,102533.1,0.81495,90309.5,Hyperliquid,2023-10-15 10:13:31.673603
0.79939,91592.1,0.81796,91690.5,Hyperliquid,2023-10-15 10:13:31.673603
0.79619,96317.4,0.81864,102469.1,Hyperliquid,2023-10-15 10:13:31.673603
0.79615,94493.2,0.82756,107441.9,Hyperliquid,2023-10-15 10:13:31.673603
0.79245,107807.1,0.82802,90930.6,Hyperliquid,2023-10-15 10:13:31.673603
0.79229,96796.8,0.8717,59.4,Hyperliquid,2023-10-15 10:13:31.673603
0.76,20000.0,2.49,292.5,Hyperliquid,2023-10-15 10:13:31.673603
0.80599,3826.1,0.80625,1614.1,Hyperliquid,2023-10-15 11:10:29.197539
0.80587,40587.9,0.80626,1887.0,Hyperliquid,2023-10-15 11:10:29.197539
0.80576,40964.7,0.80639,17388.9,Hyperliquid,2023-10-15 11:10:29.197539
0.80525,38763.9,0.8064,18086.7,Hyperliquid,2023-10-15 11:10:29.197539
0.80414,19565.2,0.80658,36938.7,Hyperliquid,2023-10-15 11:10:29.197539
0.80408,19336.1,0.8072,16569.7,Hyperliquid,2023-10-15 11:10:29.197539
0.80274,18745.1,0.80721,17897.3,Hyperliquid,2023-10-15 11:10:29.197539
0.80268,22016.6,0.80795,18899.4,Hyperliquid,2023-10-15 11:10:29.197539
0.79994,92716.3,0.80811,18571.1,Hyperliquid,2023-10-15 11:10:29.197539
0.79965,103835.0,0.81011,41762.7,Hyperliquid,2023-10-15 11:10:29.197539
0.79631,196082.9,0.81417,106759.2,Hyperliquid,2023-10-15 11:10:29.197539
0.79229,96796.8,0.81428,103985.6,Hyperliquid,2023-10-15 11:10:29.197539
0.78928,98186.0,0.81905,199373.7,Hyperliquid,2023-10-15 11:10:29.197539
0.76,20000.0,0.82768,105020.1,Hyperliquid,2023-10-15 11:10:29.197539
,,0.82802,90930.6,Hyperliquid,2023-10-15 11:10:29.197539
,,0.8717,59.4,Hyperliquid,2023-10-15 11:10:29.197539
,,2.49,292.5,Hyperliquid,2023-10-15 11:10:29.197539
0.80279,1889.8,0.80298,73.3,Hyperliquid,2023-10-15 12:24:41.651838
0.80278,1886.1,0.80299,1681.7,Hyperliquid,2023-10-15 12:24:41.651838
0.80268,20457.5,0.80302,1681.0,Hyperliquid,2023-10-15 12:24:41.651838
0.80266,18812.9,0.80312,16429.3,Hyperliquid,2023-10-15 12:24:41.651838
0.80252,41054.4,0.80314,17607.4,Hyperliquid,2023-10-15 12:24:41.651838
0.80203,39226.8,0.8032,36580.9,Hyperliquid,2023-10-15 12:24:41.651838
0.80138,20140.0,0.80393,19600.1,Hyperliquid,2023-10-15 12:24:41.651838
0.80131,21008.7,0.80403,16129.6,Hyperliquid,2023-10-15 12:24:41.651838
0.79977,18462.3,0.80487,19857.5,Hyperliquid,2023-10-15 12:24:41.651838
0.79962,21810.9,0.8049,20434.9,Hyperliquid,2023-10-15 12:24:41.651838
0.79725,99236.6,0.80675,21886.2,Hyperliquid,2023-10-15 12:24:41.651838
0.79697,110895.6,0.80689,20368.0,Hyperliquid,2023-10-15 12:24:41.651838
0.7943,202190.1,0.81091,99520.4,Hyperliquid,2023-10-15 12:24:41.651838
0.78928,98186.0,0.81094,90641.1,Hyperliquid,2023-10-15 12:24:41.651838
0.78895,98774.3,0.81661,199522.7,Hyperliquid,2023-10-15 12:24:41.651838
0.76,20000.0,0.82361,101469.5,Hyperliquid,2023-10-15 12:24:41.651838
,,0.82408,90144.4,Hyperliquid,2023-10-15 12:24:41.651838
,,0.8717,59.4,Hyperliquid,2023-10-15 12:24:41.651838
,,2.49,292.5,Hyperliquid,2023-10-15 12:24:41.651838
0.80231,4157.4,0.80257,1625.5,Hyperliquid,2023-10-15 13:14:32.051081
0.80223,22044.3,0.80258,1636.0,Hyperliquid,2023-10-15 13:14:32.051081
0.8022,20206.3,0.80271,16740.6,Hyperliquid,2023-10-15 13:14:32.051081
0.80215,19667.3,0.80274,18485.3,Hyperliquid,2023-10-15 13:14:32.051081
0.80212,19821.5,0.80288,16155.5,Hyperliquid,2023-10-15 13:14:32.051081
0.80156,22211.7,0.80291,17096.0,Hyperliquid,2023-10-15 13:14:32.051081
0.80152,20519.5,0.80359,16507.8,Hyperliquid,2023-10-15 13:14:32.051081
0.80072,18934.9,0.80363,18170.2,Hyperliquid,2023-10-15 13:14:32.051081
0.80069,19968.7,0.80428,22150.6,Hyperliquid,2023-10-15 13:14:32.051081
0.79864,19647.4,0.80463,20286.5,Hyperliquid,2023-10-15 13:14:32.051081
0.79862,21144.7,0.80582,18761.0,Hyperliquid,2023-10-15 13:14:32.051081
0.79574,93038.9,0.80621,21243.3,Hyperliquid,2023-10-15 13:14:32.051081
0.79553,96944.3,0.80938,104667.8,Hyperliquid,2023-10-15 13:14:32.051081
0.79206,102827.3,0.80941,97782.0,Hyperliquid,2023-10-15 13:14:32.051081
0.79205,92289.2,0.81415,107350.3,Hyperliquid,2023-10-15 13:14:32.051081
0.786,101263.9,0.81416,105961.1,Hyperliquid,2023-10-15 13:14:32.051081
0.7856,94263.4,0.81946,97992.8,Hyperliquid,2023-10-15 13:14:32.051081
,,0.82014,90556.6,Hyperliquid,2023-10-15 13:14:32.051081
,,0.8717,59.4,Hyperliquid,2023-10-15 13:14:32.051081
,,2.49,292.5,Hyperliquid,2023-10-15 13:14:32.051081
0.80038,2109.0,0.80065,1725.7,Hyperliquid,2023-10-15 14:11:25.170863
0.80037,1831.7,0.80067,1670.9,Hyperliquid,2023-10-15 14:11:25.170863
0.80026,21108.5,0.80075,16557.8,Hyperliquid,2023-10-15 14:11:25.170863
0.80024,21976.9,0.8008,18494.4,Hyperliquid,2023-10-15 14:11:25.170863
0.80006,21198.0,0.80087,18252.2,Hyperliquid,2023-10-15 14:11:25.170863
0.80005,19911.5,0.8009,18359.7,Hyperliquid,2023-10-15 14:11:25.170863
0.79961,21936.9,0.80153,19228.5,Hyperliquid,2023-10-15 14:11:25.170863
0.7996,19171.9,0.80166,19067.1,Hyperliquid,2023-10-15 14:11:25.170863
0.79864,21462.3,0.80254,20781.2,Hyperliquid,2023-10-15 14:11:25.170863
0.79855,19105.4,0.8028,18887.0,Hyperliquid,2023-10-15 14:11:25.170863
0.7969,20019.4,0.80425,21679.6,Hyperliquid,2023-10-15 14:11:25.170863
0.7967,20182.5,0.80475,18433.2,Hyperliquid,2023-10-15 14:11:25.170863
0.79384,101331.4,0.80781,100416.4,Hyperliquid,2023-10-15 14:11:25.170863
0.79333,109532.6,0.80785,91537.8,Hyperliquid,2023-10-15 14:11:25.170863
0.79064,106156.7,0.81082,98868.0,Hyperliquid,2023-10-15 14:11:25.170863
0.78991,98877.4,0.81183,95315.6,Hyperliquid,2023-10-15 14:11:25.170863
0.78211,94142.3,0.81964,89227.1,Hyperliquid,2023-10-15 14:11:25.170863
0.78205,96988.6,0.82002,105690.0,Hyperliquid,2023-10-15 14:11:25.170863
,,0.8717,59.4,Hyperliquid,2023-10-15 14:11:25.170863
,,2.49,292.5,Hyperliquid,2023-10-15 14:11:25.170863
0.79867,2326.2,0.79893,1722.2,Hyperliquid,2023-10-15 15:12:25.497041
0.79866,1883.8,0.79895,1704.1,Hyperliquid,2023-10-15 15:12:25.497041
0.79858,21823.7,0.79909,36617.4,Hyperliquid,2023-10-15 15:12:25.497041
0.79857,18638.2,0.79922,35315.6,Hyperliquid,2023-10-15 15:12:25.497041
0.79847,21505.3,0.79993,17546.0,Hyperliquid,2023-10-15 15:12:25.497041
0.79845,19918.4,0.79994,17951.7,Hyperliquid,2023-10-15 15:12:25.497041
0.79788,20183.2,0.80093,21795.9,Hyperliquid,2023-10-15 15:12:25.497041
0.79773,18815.0,0.80094,20882.4,Hyperliquid,2023-10-15 15:12:25.497041
0.79673,42650.4,0.80288,21691.3,Hyperliquid,2023-10-15 15:12:25.497041
0.79483,22258.3,0.8029,18557.6,Hyperliquid,2023-10-15 15:12:25.497041
0.79474,22117.2,0.80665,88332.3,Hyperliquid,2023-10-15 15:12:25.497041
0.79211,95741.8,0.80666,92379.0,Hyperliquid,2023-10-15 15:12:25.497041
0.7921,96299.8,0.81062,83966.8,Hyperliquid,2023-10-15 15:12:25.497041
0.78746,92230.8,0.81063,99982.2,Hyperliquid,2023-10-15 15:12:25.497041
0.78745,88194.9,0.81842,98856.3,Hyperliquid,2023-10-15 15:12:25.497041
0.78096,97329.5,0.81843,95349.4,Hyperliquid,2023-10-15 15:12:25.497041
0.78094,100419.1,0.8717,59.4,Hyperliquid,2023-10-15 15:12:25.497041
,,2.49,292.5,Hyperliquid,2023-10-15 15:12:25.497041
0.79813,2083.9,0.79834,1684.6,Hyperliquid,2023-10-15 16:16:03.615742
0.79812,1917.9,0.79837,1778.2,Hyperliquid,2023-10-15 16:16:03.615742
0.79801,21381.2,0.79848,18319.6,Hyperliquid,2023-10-15 16:16:03.615742
0.79799,18986.8,0.79851,19792.6,Hyperliquid,2023-10-15 16:16:03.615742
0.79794,19513.8,0.79863,17939.6,Hyperliquid,2023-10-15 16:16:03.615742
0.79786,20677.5,0.79866,18964.3,Hyperliquid,2023-10-15 16:16:03.615742
0.7973,22213.4,0.79931,19554.9,Hyperliquid,2023-10-15 16:16:03.615742
0.79727,19765.8,0.79945,17845.8,Hyperliquid,2023-10-15 16:16:03.615742
0.79643,20676.6,0.80017,19489.6,Hyperliquid,2023-10-15 16:16:03.615742
0.79637,18559.6,0.80052,18519.6,Hyperliquid,2023-10-15 16:16:03.615742
0.79532,21954.0,0.80219,19010.3,Hyperliquid,2023-10-15 16:16:03.615742
0.7952,19298.8,0.80289,21000.3,Hyperliquid,2023-10-15 16:16:03.615742
0.7921,218857.4,0.80666,109269.4,Hyperliquid,2023-10-15 16:16:03.615742
0.78944,105859.6,0.80675,110360.7,Hyperliquid,2023-10-15 16:16:03.615742
0.78942,103568.4,0.81062,83966.8,Hyperliquid,2023-10-15 16:16:03.615742
0.78423,209001.9,0.81063,99982.2,Hyperliquid,2023-10-15 16:16:03.615742
,,0.81842,98856.3,Hyperliquid,2023-10-15 16:16:03.615742
,,0.81843,95349.4,Hyperliquid,2023-10-15 16:16:03.615742
,,0.8717,59.4,Hyperliquid,2023-10-15 16:16:03.615742
,,2.49,292.5,Hyperliquid,2023-10-15 16:16:03.615742
0.80182,1865.6,0.80203,1910.1,Hyperliquid,2023-10-15 17:11:59.564794
0.8018,1859.7,0.80205,1646.0,Hyperliquid,2023-10-15 17:11:59.564794
0.80176,1914.3,0.80214,35037.5,Hyperliquid,2023-10-15 17:11:59.564794
0.80172,20788.6,0.80227,35132.7,Hyperliquid,2023-10-15 17:11:59.564794
0.80171,21340.2,0.80288,17670.8,Hyperliquid,2023-10-15 17:11:59.564794
0.80165,40949.5,0.803,17368.8,Hyperliquid,2023-10-15 17:11:59.564794
0.80154,40916.5,0.80369,19592.3,Hyperliquid,2023-10-15 17:11:59.564794
0.80102,20159.9,0.80387,20042.5,Hyperliquid,2023-10-15 17:11:59.564794
0.801,19310.0,0.80553,39798.2,Hyperliquid,2023-10-15 17:11:59.564794
0.80082,20248.1,0.80837,93371.8,Hyperliquid,2023-10-15 17:11:59.564794
0.80016,21562.3,0.80994,103173.4,Hyperliquid,2023-10-15 17:11:59.564794
0.79992,19766.0,0.81329,105771.8,Hyperliquid,2023-10-15 17:11:59.564794
0.79811,18688.3,0.81332,98255.4,Hyperliquid,2023-10-15 17:11:59.564794
0.79808,19132.0,0.81842,98856.3,Hyperliquid,2023-10-15 17:11:59.564794
0.79487,92310.0,0.81843,95349.4,Hyperliquid,2023-10-15 17:11:59.564794
0.79481,99706.2,0.82,83.7,Hyperliquid,2023-10-15 17:11:59.564794
0.79148,100400.1,0.8717,59.4,Hyperliquid,2023-10-15 17:11:59.564794
0.79145,96624.5,2.49,292.5,Hyperliquid,2023-10-15 17:11:59.564794
0.78423,209001.9,,,Hyperliquid,2023-10-15 17:11:59.564794
0.80189,4255.7,0.80213,3792.0,Hyperliquid,2023-10-15 18:16:42.040372
0.80177,18762.1,0.80221,35962.5,Hyperliquid,2023-10-15 18:16:42.040372
0.80176,21771.0,0.80233,17565.4,Hyperliquid,2023-10-15 18:16:42.040372
0.80172,19165.1,0.8024,17595.8,Hyperliquid,2023-10-15 18:16:42.040372
0.80167,20235.0,0.80302,17375.9,Hyperliquid,2023-10-15 18:16:42.040372
0.80123,21184.4,0.8031,17159.2,Hyperliquid,2023-10-15 18:16:42.040372
0.80114,18798.7,0.80396,21593.2,Hyperliquid,2023-10-15 18:16:42.040372
0.80038,19273.4,0.80429,19137.9,Hyperliquid,2023-10-15 18:16:42.040372
0.80037,22143.6,0.80569,20340.2,Hyperliquid,2023-10-15 18:16:42.040372
0.7987,21970.5,0.80641,21014.3,Hyperliquid,2023-10-15 18:16:42.040372
0.79855,18735.8,0.80959,96484.7,Hyperliquid,2023-10-15 18:16:42.040372
0.79616,98320.5,0.80999,105996.3,Hyperliquid,2023-10-15 18:16:42.040372
0.79506,101554.2,0.81332,98255.4,Hyperliquid,2023-10-15 18:16:42.040372
0.79239,110833.3,0.81358,90009.7,Hyperliquid,2023-10-15 18:16:42.040372
0.79148,100400.1,0.82,83.7,Hyperliquid,2023-10-15 18:16:42.040372
0.78423,109385.8,0.82141,99747.8,Hyperliquid,2023-10-15 18:16:42.040372
0.78389,90393.3,0.82239,102953.0,Hyperliquid,2023-10-15 18:16:42.040372
,,0.8717,59.4,Hyperliquid,2023-10-15 18:16:42.040372
,,2.49,292.5,Hyperliquid,2023-10-15 18:16:42.040372
0.80537,1978.9,0.80562,3470.9,Hyperliquid,2023-10-15 19:10:20.634003
0.80536,1815.4,0.80576,16458.4,Hyperliquid,2023-10-15 19:10:20.634003
0.80529,21718.7,0.80579,17626.9,Hyperliquid,2023-10-15 19:10:20.634003
0.80526,21211.6,0.80589,18322.9,Hyperliquid,2023-10-15 19:10:20.634003
0.80518,21385.2,0.80592,19493.0,Hyperliquid,2023-10-15 19:10:20.634003
0.80515,18256.3,0.80656,35214.4,Hyperliquid,2023-10-15 19:10:20.634003
0.80459,19743.1,0.80749,19482.6,Hyperliquid,2023-10-15 19:10:20.634003
0.80458,18386.2,0.80772,19580.6,Hyperliquid,2023-10-15 19:10:20.634003
0.80397,19734.2,0.80919,20985.3,Hyperliquid,2023-10-15 19:10:20.634003
0.80362,20953.7,0.80982,18499.7,Hyperliquid,2023-10-15 19:10:20.634003
0.80224,18552.1,0.8129,91613.9,Hyperliquid,2023-10-15 19:10:20.634003
0.80212,22199.3,0.81326,107822.0,Hyperliquid,2023-10-15 19:10:20.634003
0.79912,106185.0,0.81603,106142.3,Hyperliquid,2023-10-15 19:10:20.634003
0.799,96216.4,0.81816,98430.5,Hyperliquid,2023-10-15 19:10:20.634003
0.79635,108051.9,0.82,83.7,Hyperliquid,2023-10-15 19:10:20.634003
0.79548,109078.7,0.82239,102953.0,Hyperliquid,2023-10-15 19:10:20.634003
0.78761,96323.0,0.82536,102138.1,Hyperliquid,2023-10-15 19:10:20.634003
0.78727,108184.8,0.8717,59.4,Hyperliquid,2023-10-15 19:10:20.634003
,,2.49,292.5,Hyperliquid,2023-10-15 19:10:20.634003
0.80378,4354.7,0.80398,3677.5,Hyperliquid,2023-10-15 20:13:29.307958
0.80368,21288.4,0.80408,17522.2,Hyperliquid,2023-10-15 20:13:29.307958
0.80365,21238.6,0.8041,16587.1,Hyperliquid,2023-10-15 20:13:29.307958
0.80355,20513.0,0.8042,19099.7,Hyperliquid,2023-10-15 20:13:29.307958
0.80354,22057.1,0.80421,16496.0,Hyperliquid,2023-10-15 20:13:29.307958
0.80305,21309.0,0.80499,37864.7,Hyperliquid,2023-10-15 20:13:29.307958
0.80297,20643.9,0.8059,18480.4,Hyperliquid,2023-10-15 20:13:29.307958
0.80236,39355.6,0.80611,19441.7,Hyperliquid,2023-10-15 20:13:29.307958
0.80088,20781.4,0.80825,20990.2,Hyperliquid,2023-10-15 20:13:29.307958
0.8006,20864.8,0.80843,19302.9,Hyperliquid,2023-10-15 20:13:29.307958
0.7977,97320.3,0.81163,92066.2,Hyperliquid,2023-10-15 20:13:29.307958
0.79763,109868.7,0.81291,104294.1,Hyperliquid,2023-10-15 20:13:29.307958
0.79435,110328.1,0.81579,102985.5,Hyperliquid,2023-10-15 20:13:29.307958
0.79344,103510.6,0.81603,106142.3,Hyperliquid,2023-10-15 20:13:29.307958
0.78761,96323.0,0.82239,102953.0,Hyperliquid,2023-10-15 20:13:29.307958
0.78727,108184.8,0.82536,102138.1,Hyperliquid,2023-10-15 20:13:29.307958
,,0.8717,59.4,Hyperliquid,2023-10-15 20:13:29.307958
,,2.49,292.5,Hyperliquid,2023-10-15 20:13:29.307958
0.80441,141.3,0.8047,3529.2,Hyperliquid,2023-10-15 21:11:22.015719
0.80439,2021.2,0.80483,36439.8,Hyperliquid,2023-10-15 21:11:22.015719
0.80438,1920.0,0.80499,19073.1,Hyperliquid,2023-10-15 21:11:22.015719
0.80428,37422.7,0.805,16705.6,Hyperliquid,2023-10-15 21:11:22.015719
0.80413,20422.6,0.80559,18461.5,Hyperliquid,2023-10-15 21:11:22.015719
0.80412,20217.8,0.80572,16708.7,Hyperliquid,2023-10-15 21:11:22.015719
0.80351,21023.5,0.80658,39329.8,Hyperliquid,2023-10-15 21:11:22.015719
0.80341,20684.2,0.80841,21786.5,Hyperliquid,2023-10-15 21:11:22.015719
0.80268,20575.8,0.80914,20732.1,Hyperliquid,2023-10-15 21:11:22.015719
0.80267,19782.7,0.81249,105036.8,Hyperliquid,2023-10-15 21:11:22.015719
0.80139,21148.1,0.81295,103578.6,Hyperliquid,2023-10-15 21:11:22.015719
0.8008,21212.1,0.81806,96125.8,Hyperliquid,2023-10-15 21:11:22.015719
0.79755,110572.5,0.81859,108278.1,Hyperliquid,2023-10-15 21:11:22.015719
0.79754,107228.6,0.8252,88750.7,Hyperliquid,2023-10-15 21:11:22.015719
0.79539,95162.8,0.82665,107194.3,Hyperliquid,2023-10-15 21:11:22.015719
0.79437,100381.5,0.8717,59.4,Hyperliquid,2023-10-15 21:11:22.015719
0.7906,94229.9,2.49,292.5,Hyperliquid,2023-10-15 21:11:22.015719
0.78768,99294.5,,,Hyperliquid,2023-10-15 21:11:22.015719
0.80569,4103.0,0.80599,3782.1,Hyperliquid,2023-10-15 22:12:13.945080
0.80558,42021.8,0.80605,34916.0,Hyperliquid,2023-10-15 22:12:13.945080
0.80555,3636.6,0.80613,34766.2,Hyperliquid,2023-10-15 22:12:13.945080
0.80551,167.5,0.80619,36250.1,Hyperliquid,2023-10-15 22:12:13.945080
0.8055,23496.8,0.80678,19569.3,Hyperliquid,2023-10-15 22:12:13.945080
0.80544,19471.8,0.807,18214.0,Hyperliquid,2023-10-15 22:12:13.945080
0.80539,60145.4,0.80814,42025.0,Hyperliquid,2023-10-15 22:12:13.945080
0.80538,20925.9,0.81025,20119.4,Hyperliquid,2023-10-15 22:12:13.945080
0.80527,40171.6,0.81032,18863.5,Hyperliquid,2023-10-15 22:12:13.945080
0.80477,20326.6,0.81297,90082.4,Hyperliquid,2023-10-15 22:12:13.945080
0.80476,20599.4,0.81397,106374.5,Hyperliquid,2023-10-15 22:12:13.945080
0.80415,20427.4,0.8162,107676.0,Hyperliquid,2023-10-15 22:12:13.945080
0.80383,18303.4,0.818,105868.4,Hyperliquid,2023-10-15 22:12:13.945080
0.80235,39707.0,0.82264,101539.1,Hyperliquid,2023-10-15 22:12:13.945080
0.79894,204954.5,0.8252,88750.7,Hyperliquid,2023-10-15 22:12:13.945080
0.79538,99555.1,0.8717,59.4,Hyperliquid,2023-10-15 22:12:13.945080
0.79436,106641.6,2.49,292.5,Hyperliquid,2023-10-15 22:12:13.945080
0.78768,99294.5,,,Hyperliquid,2023-10-15 22:12:13.945080
0.78728,106091.0,,,Hyperliquid,2023-10-15 22:12:13.945080
0.80045,3907.8,0.80072,3577.1,Hyperliquid,2023-10-15 23:13:15.789944
0.80033,40750.7,0.80086,33307.0,Hyperliquid,2023-10-15 23:13:15.789944
0.80021,18615.8,0.801,17000.6,Hyperliquid,2023-10-15 23:13:15.789944
0.8002,21507.4,0.80101,16690.7,Hyperliquid,2023-10-15 23:13:15.789944
0.7997,18650.9,0.8019,17021.1,Hyperliquid,2023-10-15 23:13:15.789944
0.79961,20761.9,0.80191,18615.9,Hyperliquid,2023-10-15 23:13:15.789944
0.79896,39608.8,0.80267,18527.8,Hyperliquid,2023-10-15 23:13:15.789944
0.79724,21953.0,0.80278,19479.6,Hyperliquid,2023-10-15 23:13:15.789944
0.79705,19603.7,0.8042,21233.4,Hyperliquid,2023-10-15 23:13:15.789944
0.79346,212431.8,0.80443,18388.4,Hyperliquid,2023-10-15 23:13:15.789944
0.79129,93913.3,0.80802,104637.8,Hyperliquid,2023-10-15 23:13:15.789944
0.79028,92610.6,0.80902,93140.8,Hyperliquid,2023-10-15 23:13:15.789944
0.78435,100580.2,0.81316,94697.0,Hyperliquid,2023-10-15 23:13:15.789944
0.784,103394.4,0.81379,104332.5,Hyperliquid,2023-10-15 23:13:15.789944
,,0.82119,91565.2,Hyperliquid,2023-10-15 23:13:15.789944
,,0.82264,101539.1,Hyperliquid,2023-10-15 23:13:15.789944
,,0.8717,59.4,Hyperliquid,2023-10-15 23:13:15.789944
,,2.49,292.5,Hyperliquid,2023-10-15 23:13:15.789944
0.8068,4132.2,0.80708,3650.3,Hyperliquid,2023-10-16 01:01:43.430714
0.80668,19380.7,0.80718,34162.0,Hyperliquid,2023-10-16 01:01:43.430714
0.80667,20976.5,0.8073,34961.1,Hyperliquid,2023-10-16 01:01:43.430714
0.80655,38387.9,0.80802,16176.6,Hyperliquid,2023-10-16 01:01:43.430714
0.80596,18437.0,0.80804,19052.7,Hyperliquid,2023-10-16 01:01:43.430714
0.80584,18795.2,0.80928,36644.5,Hyperliquid,2023-10-16 01:01:43.430714
0.80521,18641.3,0.81123,19454.4,Hyperliquid,2023-10-16 01:01:43.430714
0.80504,19592.8,0.81168,20684.3,Hyperliquid,2023-10-16 01:01:43.430714
0.80381,20088.5,0.81448,100829.9,Hyperliquid,2023-10-16 01:01:43.430714
0.80364,18386.7,0.81568,93900.8,Hyperliquid,2023-10-16 01:01:43.430714
0.80019,186152.5,0.81796,95064.9,Hyperliquid,2023-10-16 01:01:43.430714
0.79729,97980.4,0.81867,94923.6,Hyperliquid,2023-10-16 01:01:43.430714
0.79639,105139.4,0.82524,90329.9,Hyperliquid,2023-10-16 01:01:43.430714
0.79108,104590.9,0.82667,93228.7,Hyperliquid,2023-10-16 01:01:43.430714
0.79056,109708.9,0.8717,59.4,Hyperliquid,2023-10-16 01:01:43.430714
,,2.49,292.5,Hyperliquid,2023-10-16 01:01:43.430714
0.81341,4019.0,0.81363,3315.6,Hyperliquid,2023-10-16 02:22:52.349995
0.81329,40044.4,0.81367,3752.7,Hyperliquid,2023-10-16 02:22:52.349995
0.81318,40781.1,0.81379,34028.1,Hyperliquid,2023-10-16 02:22:52.349995
0.81258,40843.5,0.81393,38004.0,Hyperliquid,2023-10-16 02:22:52.349995
0.81164,18940.1,0.81444,18939.8,Hyperliquid,2023-10-16 02:22:52.349995
0.81154,18467.1,0.81464,18129.4,Hyperliquid,2023-10-16 02:22:52.349995
0.80972,37319.9,0.81554,19153.4,Hyperliquid,2023-10-16 02:22:52.349995
0.80693,110132.8,0.81564,20648.2,Hyperliquid,2023-10-16 02:22:52.349995
0.80688,93330.9,0.81696,20217.1,Hyperliquid,2023-10-16 02:22:52.349995
0.8034,106869.3,0.81719,21625.4,Hyperliquid,2023-10-16 02:22:52.349995
0.80252,102049.0,0.8206,96163.9,Hyperliquid,2023-10-16 02:22:52.349995
0.7972,91855.6,0.82126,91450.4,Hyperliquid,2023-10-16 02:22:52.349995
0.79438,92576.1,0.82529,92111.9,Hyperliquid,2023-10-16 02:22:52.349995
,,0.82595,89416.3,Hyperliquid,2023-10-16 02:22:52.349995
,,0.83107,92399.0,Hyperliquid,2023-10-16 02:22:52.349995
,,0.83321,104528.8,Hyperliquid,2023-10-16 02:22:52.349995
,,0.8717,59.4,Hyperliquid,2023-10-16 02:22:52.349995
,,2.49,292.5,Hyperliquid,2023-10-16 02:22:52.349995
0.81017,4176.0,0.81043,3565.1,Hyperliquid,2023-10-16 03:14:37.440890
0.8101,39048.4,0.81059,35955.6,Hyperliquid,2023-10-16 03:14:37.440890
0.80999,40484.1,0.81072,16117.3,Hyperliquid,2023-10-16 03:14:37.440890
0.80935,38709.8,0.81073,16780.9,Hyperliquid,2023-10-16 03:14:37.440890
0.8088,20643.5,0.81144,35041.5,Hyperliquid,2023-10-16 03:14:37.440890
0.80871,19296.8,0.81261,41080.0,Hyperliquid,2023-10-16 03:14:37.440890
0.80717,18736.4,0.81433,20273.5,Hyperliquid,2023-10-16 03:14:37.440890
0.80655,18598.5,0.81456,18492.1,Hyperliquid,2023-10-16 03:14:37.440890
0.80408,99824.2,0.81795,108413.3,Hyperliquid,2023-10-16 03:14:37.440890
0.80407,106825.9,0.81895,108173.5,Hyperliquid,2023-10-16 03:14:37.440890
0.80136,110970.6,0.82288,90716.0,Hyperliquid,2023-10-16 03:14:37.440890
0.80047,108765.0,0.82353,99406.2,Hyperliquid,2023-10-16 03:14:37.440890
0.79436,105020.6,0.83107,92399.0,Hyperliquid,2023-10-16 03:14:37.440890
0.79387,97729.9,0.83321,104528.8,Hyperliquid,2023-10-16 03:14:37.440890
,,0.8717,59.4,Hyperliquid,2023-10-16 03:14:37.440890
,,2.49,292.5,Hyperliquid,2023-10-16 03:14:37.440890
0.8119,3862.3,0.81211,3582.5,Hyperliquid,2023-10-16 04:16:37.924485
0.81176,40479.0,0.81215,3714.7,Hyperliquid,2023-10-16 04:16:37.924485
0.81173,38282.6,0.81224,18299.0,Hyperliquid,2023-10-16 04:16:37.924485
0.81108,39801.4,0.81226,16937.1,Hyperliquid,2023-10-16 04:16:37.924485
0.81032,40367.9,0.81244,38211.5,Hyperliquid,2023-10-16 04:16:37.924485
0.80867,40093.2,0.8131,16639.7,Hyperliquid,2023-10-16 04:16:37.924485
0.8054,185368.2,0.81327,16194.8,Hyperliquid,2023-10-16 04:16:37.924485
0.80336,106114.3,0.81435,18940.3,Hyperliquid,2023-10-16 04:16:37.924485
0.80254,92317.7,0.81436,21371.0,Hyperliquid,2023-10-16 04:16:37.924485
0.7977,94794.3,0.81625,20917.3,Hyperliquid,2023-10-16 04:16:37.924485
0.79723,92217.0,0.81686,19609.9,Hyperliquid,2023-10-16 04:16:37.924485
,,0.82069,91972.0,Hyperliquid,2023-10-16 04:16:37.924485
,,0.82125,92636.2,Hyperliquid,2023-10-16 04:16:37.924485
,,0.82538,106878.4,Hyperliquid,2023-10-16 04:16:37.924485
,,0.82595,97386.5,Hyperliquid,2023-10-16 04:16:37.924485
,,0.83107,92399.0,Hyperliquid,2023-10-16 04:16:37.924485
,,0.83324,92426.9,Hyperliquid,2023-10-16 04:16:37.924485
,,0.8717,59.4,Hyperliquid,2023-10-16 04:16:37.924485
,,2.49,292.5,Hyperliquid,2023-10-16 04:16:37.924485
0.81568,4722.9,0.81591,3685.0,Hyperliquid,2023-10-16 05:13:27.035386
0.81552,36910.1,0.81604,18069.6,Hyperliquid,2023-10-16 05:13:27.035386
0.8154,42472.2,0.81605,16972.3,Hyperliquid,2023-10-16 05:13:27.035386
0.81489,42424.6,0.81618,18100.3,Hyperliquid,2023-10-16 05:13:27.035386
0.81404,20723.4,0.81628,16411.0,Hyperliquid,2023-10-16 05:13:27.035386
0.81395,20355.5,0.81687,15901.1,Hyperliquid,2023-10-16 05:13:27.035386
0.81172,40246.0,0.81705,18090.2,Hyperliquid,2023-10-16 05:13:27.035386
0.80817,103365.6,0.81807,21548.5,Hyperliquid,2023-10-16 05:13:27.035386
0.80816,100172.4,0.81808,20348.5,Hyperliquid,2023-10-16 05:13:27.035386
0.80536,90851.9,0.81942,19207.2,Hyperliquid,2023-10-16 05:13:27.035386
0.80456,95434.0,0.81973,18481.7,Hyperliquid,2023-10-16 05:13:27.035386
0.7977,94794.3,0.82293,90024.3,Hyperliquid,2023-10-16 05:13:27.035386
0.79723,92217.0,0.82398,91571.1,Hyperliquid,2023-10-16 05:13:27.035386
,,0.82598,102335.6,Hyperliquid,2023-10-16 05:13:27.035386
,,0.82786,90738.8,Hyperliquid,2023-10-16 05:13:27.035386
,,0.83324,92426.9,Hyperliquid,2023-10-16 05:13:27.035386
,,0.83505,106334.2,Hyperliquid,2023-10-16 05:13:27.035386
,,0.8717,59.4,Hyperliquid,2023-10-16 05:13:27.035386
,,2.49,292.5,Hyperliquid,2023-10-16 05:13:27.035386
0.82375,2161.3,0.82398,1846.0,Hyperliquid,2023-10-16 06:19:18.135221
0.82373,1921.6,0.82402,1790.5,Hyperliquid,2023-10-16 06:19:18.135221
0.82372,1927.8,0.82404,1761.5,Hyperliquid,2023-10-16 06:19:18.135221
0.82368,3203.2,0.82416,33774.7,Hyperliquid,2023-10-16 06:19:18.135221
0.82367,1812.6,0.82429,15942.2,Hyperliquid,2023-10-16 06:19:18.135221
0.82363,20749.0,0.82433,17809.1,Hyperliquid,2023-10-16 06:19:18.135221
0.82357,41543.9,0.82503,35235.6,Hyperliquid,2023-10-16 06:19:18.135221
0.82343,41746.1,0.82601,19078.5,Hyperliquid,2023-10-16 06:19:18.135221
0.82281,42230.1,0.82636,20888.1,Hyperliquid,2023-10-16 06:19:18.135221
0.8222,21431.5,0.82805,18403.9,Hyperliquid,2023-10-16 06:19:18.135221
0.82214,20771.7,0.82865,18053.2,Hyperliquid,2023-10-16 06:19:18.135221
0.82087,20593.5,0.83223,103801.7,Hyperliquid,2023-10-16 06:19:18.135221
0.82017,18872.6,0.83278,88548.2,Hyperliquid,2023-10-16 06:19:18.135221
0.81711,93144.1,0.83624,92490.1,Hyperliquid,2023-10-16 06:19:18.135221
0.817,99570.1,0.8372,104972.4,Hyperliquid,2023-10-16 06:19:18.135221
0.81457,97709.3,0.84403,97825.0,Hyperliquid,2023-10-16 06:19:18.135221
0.81346,104130.4,0.84629,92198.4,Hyperliquid,2023-10-16 06:19:18.135221
0.80808,102100.3,0.8717,59.4,Hyperliquid,2023-10-16 06:19:18.135221
0.80789,103742.3,2.49,292.5,Hyperliquid,2023-10-16 06:19:18.135221
0.82195,4691.4,0.82218,3388.2,Hyperliquid,2023-10-16 07:13:20.197136
0.82186,40654.1,0.82237,35973.0,Hyperliquid,2023-10-16 07:13:20.197136
0.82174,20482.3,0.82251,34321.0,Hyperliquid,2023-10-16 07:13:20.197136
0.82169,19840.8,0.82314,16149.5,Hyperliquid,2023-10-16 07:13:20.197136
0.82113,40251.2,0.82324,18647.6,Hyperliquid,2023-10-16 07:13:20.197136
0.82038,21402.5,0.82421,18789.1,Hyperliquid,2023-10-16 07:13:20.197136
0.82018,20956.0,0.8243,21338.9,Hyperliquid,2023-10-16 07:13:20.197136
0.81881,17914.2,0.82643,18957.3,Hyperliquid,2023-10-16 07:13:20.197136
0.8188,19011.7,0.82665,20391.2,Hyperliquid,2023-10-16 07:13:20.197136
0.81571,189662.8,0.83064,94627.4,Hyperliquid,2023-10-16 07:13:20.197136
0.81339,97611.7,0.83114,93683.8,Hyperliquid,2023-10-16 07:13:20.197136
0.81238,94704.7,0.8337,96367.5,Hyperliquid,2023-10-16 07:13:20.197136
0.80808,102100.3,0.83471,87498.4,Hyperliquid,2023-10-16 07:13:20.197136
0.80789,103742.3,0.84221,93462.8,Hyperliquid,2023-10-16 07:13:20.197136
,,0.84403,97825.0,Hyperliquid,2023-10-16 07:13:20.197136
,,0.8717,59.4,Hyperliquid,2023-10-16 07:13:20.197136
,,2.49,292.5,Hyperliquid,2023-10-16 07:13:20.197136
0.82268,2061.1,0.82291,163.1,Hyperliquid,2023-10-16 08:18:35.056695
0.82264,2071.5,0.82292,3300.9,Hyperliquid,2023-10-16 08:18:35.056695
0.82253,39118.8,0.82306,36153.7,Hyperliquid,2023-10-16 08:18:35.056695
0.82246,20881.3,0.82319,15701.9,Hyperliquid,2023-10-16 08:18:35.056695
0.82242,21090.3,0.82328,15708.6,Hyperliquid,2023-10-16 08:18:35.056695
0.82184,39361.5,0.8239,35032.6,Hyperliquid,2023-10-16 08:18:35.056695
0.82118,19669.2,0.82494,21472.1,Hyperliquid,2023-10-16 08:18:35.056695
0.82088,19860.8,0.82495,19082.3,Hyperliquid,2023-10-16 08:18:35.056695
0.81941,20315.0,0.82647,19356.0,Hyperliquid,2023-10-16 08:18:35.056695
0.81899,20831.8,0.82681,20500.2,Hyperliquid,2023-10-16 08:18:35.056695
0.81571,92955.1,0.8306,90946.9,Hyperliquid,2023-10-16 08:18:35.056695
0.81568,91397.0,0.83121,103411.3,Hyperliquid,2023-10-16 08:18:35.056695
0.81335,93004.5,0.83358,89073.4,Hyperliquid,2023-10-16 08:18:35.056695
0.81239,101094.5,0.83468,94728.4,Hyperliquid,2023-10-16 08:18:35.056695
0.80472,104133.8,0.84221,93462.8,Hyperliquid,2023-10-16 08:18:35.056695
0.80438,95421.1,0.84403,97825.0,Hyperliquid,2023-10-16 08:18:35.056695
,,0.8717,59.4,Hyperliquid,2023-10-16 08:18:35.056695
,,2.49,292.5,Hyperliquid,2023-10-16 08:18:35.056695
0.8169,67.3,0.81713,1930.9,Hyperliquid,2023-10-16 09:15:03.113767
0.81689,2158.6,0.81715,1663.2,Hyperliquid,2023-10-16 09:15:03.113767
0.81687,1920.5,0.81728,19114.9,Hyperliquid,2023-10-16 09:15:03.113767
0.81679,21075.6,0.81732,18042.2,Hyperliquid,2023-10-16 09:15:03.113767
0.81677,20687.1,0.81734,16030.0,Hyperliquid,2023-10-16 09:15:03.113767
0.81663,18952.6,0.81744,17221.6,Hyperliquid,2023-10-16 09:15:03.113767
0.81661,20613.1,0.81746,19230.0,Hyperliquid,2023-10-16 09:15:03.113767
0.8161,18978.6,0.81816,34702.3,Hyperliquid,2023-10-16 09:15:03.113767
0.81605,18164.6,0.81953,21029.6,Hyperliquid,2023-10-16 09:15:03.113767
0.81545,18076.8,0.81961,18663.7,Hyperliquid,2023-10-16 09:15:03.113767
0.81517,18610.6,0.82133,36809.7,Hyperliquid,2023-10-16 09:15:03.113767
0.81388,19067.8,0.82459,92368.9,Hyperliquid,2023-10-16 09:15:03.113767
0.81325,19148.7,0.82561,89415.3,Hyperliquid,2023-10-16 09:15:03.113767
0.81011,94024.2,0.82869,106202.3,Hyperliquid,2023-10-16 09:15:03.113767
0.80994,107102.7,0.82944,98927.0,Hyperliquid,2023-10-16 09:15:03.113767
0.80721,93857.1,0.83822,102307.4,Hyperliquid,2023-10-16 09:15:03.113767
0.80616,106501.7,0.83978,97984.0,Hyperliquid,2023-10-16 09:15:03.113767
0.80139,99773.7,0.8717,59.4,Hyperliquid,2023-10-16 09:15:03.113767
0.80104,104083.3,2.49,292.5,Hyperliquid,2023-10-16 09:15:03.113767
0.81873,4204.9,0.81901,3651.3,Hyperliquid,2023-10-16 10:15:34.906145
0.81866,20507.6,0.81911,33857.9,Hyperliquid,2023-10-16 10:15:34.906145
0.81865,19544.8,0.81924,37236.5,Hyperliquid,2023-10-16 10:15:34.906145
0.81849,40480.9,0.81987,37373.8,Hyperliquid,2023-10-16 10:15:34.906145
0.81792,20246.5,0.82094,36958.6,Hyperliquid,2023-10-16 10:15:34.906145
0.81787,18351.9,0.82241,20152.6,Hyperliquid,2023-10-16 10:15:34.906145
0.8169,43040.7,0.823,21116.5,Hyperliquid,2023-10-16 10:15:34.906145
0.81519,40005.5,0.82631,97130.9,Hyperliquid,2023-10-16 10:15:34.906145
0.81111,217695.7,0.82739,91948.8,Hyperliquid,2023-10-16 10:15:34.906145
0.80925,110084.5,0.83118,89862.6,Hyperliquid,2023-10-16 10:15:34.906145
0.80818,106763.3,0.83189,99300.0,Hyperliquid,2023-10-16 10:15:34.906145
0.80139,99773.7,0.83822,102307.4,Hyperliquid,2023-10-16 10:15:34.906145
0.80104,104083.3,0.83982,87608.8,Hyperliquid,2023-10-16 10:15:34.906145
,,0.8717,59.4,Hyperliquid,2023-10-16 10:15:34.906145
,,2.49,292.5,Hyperliquid,2023-10-16 10:15:34.906145
0.81824,4074.5,0.81848,3523.3,Hyperliquid,2023-10-16 11:12:12.779030
0.81814,39243.1,0.8186,36025.7,Hyperliquid,2023-10-16 11:12:12.779030
0.81799,38576.3,0.81873,35861.3,Hyperliquid,2023-10-16 11:12:12.779030
0.81739,17999.5,0.81935,36306.2,Hyperliquid,2023-10-16 11:12:12.779030
0.81733,19096.5,0.8202,39389.4,Hyperliquid,2023-10-16 11:12:12.779030
0.81649,19116.4,0.82223,17939.1,Hyperliquid,2023-10-16 11:12:12.779030
0.81635,21806.1,0.8224,18044.4,Hyperliquid,2023-10-16 11:12:12.779030
0.81508,19501.9,0.82581,91264.1,Hyperliquid,2023-10-16 11:12:12.779030
0.81447,18961.1,0.82632,93152.4,Hyperliquid,2023-10-16 11:12:12.779030
0.81249,212590.6,0.82954,96650.1,Hyperliquid,2023-10-16 11:12:12.779030
0.80919,102873.2,0.83106,89576.7,Hyperliquid,2023-10-16 11:12:12.779030
0.80818,106763.3,0.83588,95190.5,Hyperliquid,2023-10-16 11:12:12.779030
0.80139,99773.7,0.83822,102307.4,Hyperliquid,2023-10-16 11:12:12.779030
0.80104,104083.3,0.8717,59.4,Hyperliquid,2023-10-16 11:12:12.779030
,,2.49,292.5,Hyperliquid,2023-10-16 11:12:12.779030
0.82068,3738.2,0.82093,3599.5,Hyperliquid,2023-10-16 12:28:07.889375
0.82057,40658.2,0.82112,35026.9,Hyperliquid,2023-10-16 12:28:07.889375
0.82044,39205.7,0.82126,17458.2,Hyperliquid,2023-10-16 12:28:07.889375
0.81971,42579.8,0.82127,17232.2,Hyperliquid,2023-10-16 12:28:07.889375
0.81863,18886.8,0.82177,37909.9,Hyperliquid,2023-10-16 12:28:07.889375
0.81861,17860.7,0.82289,19481.7,Hyperliquid,2023-10-16 12:28:07.889375
0.81762,20046.8,0.8229,17955.9,Hyperliquid,2023-10-16 12:28:07.889375
0.8176,19207.9,0.82485,21330.9,Hyperliquid,2023-10-16 12:28:07.889375
0.814,198022.6,0.82524,19334.1,Hyperliquid,2023-10-16 12:28:07.889375
0.81029,108884.2,0.828,96177.8,Hyperliquid,2023-10-16 12:28:07.889375
0.80909,95618.9,0.82913,91575.8,Hyperliquid,2023-10-16 12:28:07.889375
0.80139,99773.7,0.83105,91944.1,Hyperliquid,2023-10-16 12:28:07.889375
0.80104,104083.3,0.83199,102437.3,Hyperliquid,2023-10-16 12:28:07.889375
,,0.83822,102307.4,Hyperliquid,2023-10-16 12:28:07.889375
,,0.83984,88591.4,Hyperliquid,2023-10-16 12:28:07.889375
,,0.8717,59.4,Hyperliquid,2023-10-16 12:28:07.889375
,,2.49,292.5,Hyperliquid,2023-10-16 12:28:07.889375
0.81921,4402.8,0.81948,3578.2,Hyperliquid,2023-10-16 13:18:30.955241
0.81909,42947.1,0.81956,35749.4,Hyperliquid,2023-10-16 13:18:30.955241
0.81892,39575.9,0.81967,33645.5,Hyperliquid,2023-10-16 13:18:30.955241
0.81845,19932.5,0.82048,37309.2,Hyperliquid,2023-10-16 13:18:30.955241
0.81825,19458.1,0.82159,17813.2,Hyperliquid,2023-10-16 13:18:30.955241
0.81742,18140.6,0.82175,18920.6,Hyperliquid,2023-10-16 13:18:30.955241
0.81741,18221.6,0.8233,19479.0,Hyperliquid,2023-10-16 13:18:30.955241
0.81616,19592.0,0.82383,20418.3,Hyperliquid,2023-10-16 13:18:30.955241
0.81615,21635.4,0.82743,103572.4,Hyperliquid,2023-10-16 13:18:30.955241
0.81263,97087.7,0.82797,92158.3,Hyperliquid,2023-10-16 13:18:30.955241
0.81254,89953.8,0.83101,93216.0,Hyperliquid,2023-10-16 13:18:30.955241
0.81034,104802.8,0.8319,90021.8,Hyperliquid,2023-10-16 13:18:30.955241
0.80907,109066.0,0.83984,88591.4,Hyperliquid,2023-10-16 13:18:30.955241
0.80474,93651.5,0.84214,88014.1,Hyperliquid,2023-10-16 13:18:30.955241
0.80442,92812.4,0.8717,59.4,Hyperliquid,2023-10-16 13:18:30.955241
,,2.49,292.5,Hyperliquid,2023-10-16 13:18:30.955241
0.81127,1981.0,0.81153,3685.1,Hyperliquid,2023-10-16 15:14:42.896667
0.81125,1951.4,0.81163,40041.4,Hyperliquid,2023-10-16 15:14:42.896667
0.81115,40449.8,0.81177,37763.8,Hyperliquid,2023-10-16 15:14:42.896667
0.81097,43232.6,0.81262,37490.3,Hyperliquid,2023-10-16 15:14:42.896667
0.81047,42033.0,0.81348,38424.4,Hyperliquid,2023-10-16 15:14:42.896667
0.80939,19223.4,0.8153,39969.6,Hyperliquid,2023-10-16 15:14:42.896667
0.80938,21447.8,0.8181,104489.3,Hyperliquid,2023-10-16 15:14:42.896667
0.80819,19742.2,0.81811,94539.8,Hyperliquid,2023-10-16 15:14:42.896667
0.80771,19431.2,0.82217,104122.3,Hyperliquid,2023-10-16 15:14:42.896667
0.80435,106554.9,0.82359,94061.1,Hyperliquid,2023-10-16 15:14:42.896667
0.80413,102066.2,0.83004,90697.2,Hyperliquid,2023-10-16 15:14:42.896667
0.80232,189131.6,0.83107,93576.8,Hyperliquid,2023-10-16 15:14:42.896667
0.79621,99548.3,0.8717,59.4,Hyperliquid,2023-10-16 15:14:42.896667
0.79434,110291.4,2.49,292.5,Hyperliquid,2023-10-16 15:14:42.896667
0.80852,3881.6,0.80876,3607.3,Hyperliquid,2023-10-16 16:18:48.466281
0.80841,40200.3,0.80888,21026.7,Hyperliquid,2023-10-16 16:18:48.466281
0.80827,21710.0,0.80889,19211.0,Hyperliquid,2023-10-16 16:18:48.466281
0.80826,20188.9,0.80897,18600.5,Hyperliquid,2023-10-16 16:18:48.466281
0.80781,41050.3,0.80901,17906.0,Hyperliquid,2023-10-16 16:18:48.466281
0.80681,21930.6,0.80962,35922.1,Hyperliquid,2023-10-16 16:18:48.466281
0.80678,21827.9,0.81074,36986.7,Hyperliquid,2023-10-16 16:18:48.466281
0.80511,18189.6,0.81223,40073.9,Hyperliquid,2023-10-16 16:18:48.466281
0.80507,19491.8,0.81495,200126.4,Hyperliquid,2023-10-16 16:18:48.466281
0.80148,100668.1,0.81887,107267.3,Hyperliquid,2023-10-16 16:18:48.466281
0.80106,94331.4,0.81981,92111.4,Hyperliquid,2023-10-16 16:18:48.466281
0.79814,189900.1,0.82373,88592.3,Hyperliquid,2023-10-16 16:18:48.466281
0.791,99207.9,0.82634,102211.4,Hyperliquid,2023-10-16 16:18:48.466281
0.78932,112385.5,0.8717,59.4,Hyperliquid,2023-10-16 16:18:48.466281
,,2.49,292.5,Hyperliquid,2023-10-16 16:18:48.466281
0.80884,2001.2,0.80906,1961.1,Hyperliquid,2023-10-16 17:12:48.353554
0.80883,1936.1,0.80907,1915.3,Hyperliquid,2023-10-16 17:12:48.353554
0.80874,39007.6,0.80917,38940.9,Hyperliquid,2023-10-16 17:12:48.353554
0.80858,39834.2,0.8093,36122.4,Hyperliquid,2023-10-16 17:12:48.353554
0.80799,20559.2,0.80985,20773.6,Hyperliquid,2023-10-16 17:12:48.353554
0.8079,21601.2,0.80989,20617.0,Hyperliquid,2023-10-16 17:12:48.353554
0.80726,21202.8,0.81082,19932.6,Hyperliquid,2023-10-16 17:12:48.353554
0.80714,20613.4,0.81085,21416.3,Hyperliquid,2023-10-16 17:12:48.353554
0.80552,19984.2,0.81223,20434.5,Hyperliquid,2023-10-16 17:12:48.353554
0.80496,18276.8,0.81231,20730.7,Hyperliquid,2023-10-16 17:12:48.353554
0.80223,102860.2,0.81491,100250.8,Hyperliquid,2023-10-16 17:12:48.353554
0.80145,96988.2,0.81493,96546.2,Hyperliquid,2023-10-16 17:12:48.353554
0.79812,101646.6,0.8188,92003.1,Hyperliquid,2023-10-16 17:12:48.353554
0.79809,110873.3,0.8198,93610.4,Hyperliquid,2023-10-16 17:12:48.353554
0.791,99207.9,0.82373,88592.3,Hyperliquid,2023-10-16 17:12:48.353554
0.78932,112385.5,0.82634,102211.4,Hyperliquid,2023-10-16 17:12:48.353554
,,0.8717,59.4,Hyperliquid,2023-10-16 17:12:48.353554
,,2.49,292.5,Hyperliquid,2023-10-16 17:12:48.353554
0.81094,2098.5,0.81119,120.3,Hyperliquid,2023-10-16 18:18:59.879596
0.81092,2075.4,0.8112,1791.6,Hyperliquid,2023-10-16 18:18:59.879596
0.81081,21805.3,0.81122,19986.0,Hyperliquid,2023-10-16 18:18:59.879596
0.8108,2069.7,0.81134,18869.9,Hyperliquid,2023-10-16 18:18:59.879596
0.81079,20456.8,0.81136,37625.0,Hyperliquid,2023-10-16 18:18:59.879596
0.81069,18516.6,0.81148,20754.9,Hyperliquid,2023-10-16 18:18:59.879596
0.81067,21030.2,0.81151,20282.5,Hyperliquid,2023-10-16 18:18:59.879596
0.81066,18340.2,0.81203,18771.9,Hyperliquid,2023-10-16 18:18:59.879596
0.81054,19632.1,0.81217,20726.2,Hyperliquid,2023-10-16 18:18:59.879596
0.81005,18929.3,0.8128,19329.4,Hyperliquid,2023-10-16 18:18:59.879596
0.80993,19420.0,0.8131,18543.6,Hyperliquid,2023-10-16 18:18:59.879596
0.80896,37716.5,0.8146,20457.7,Hyperliquid,2023-10-16 18:18:59.879596
0.8074,18859.3,0.81461,18856.7,Hyperliquid,2023-10-16 18:18:59.879596
0.80708,21833.1,0.81794,188158.6,Hyperliquid,2023-10-16 18:18:59.879596
0.80412,99378.5,0.82211,92299.5,Hyperliquid,2023-10-16 18:18:59.879596
0.80366,110695.7,0.82328,97328.6,Hyperliquid,2023-10-16 18:18:59.879596
0.80014,102179.1,0.82735,100418.1,Hyperliquid,2023-10-16 18:18:59.879596
0.8001,105815.7,0.82999,88388.9,Hyperliquid,2023-10-16 18:18:59.879596
0.79434,109318.7,0.8717,59.4,Hyperliquid,2023-10-16 18:18:59.879596
0.79263,95472.2,2.49,292.5,Hyperliquid,2023-10-16 18:18:59.879596
0.81751,137.9,0.81777,3591.9,Hyperliquid,2023-10-16 19:11:51.935355
0.8175,3951.1,0.81791,38251.4,Hyperliquid,2023-10-16 19:11:51.935355
0.81747,3725.4,0.81806,37643.1,Hyperliquid,2023-10-16 19:11:51.935355
0.81734,38140.8,0.81887,17927.5,Hyperliquid,2023-10-16 19:11:51.935355
0.8172,40442.1,0.81891,17404.8,Hyperliquid,2023-10-16 19:11:51.935355
0.81673,20225.5,0.81976,17798.0,Hyperliquid,2023-10-16 19:11:51.935355
0.8167,20106.3,0.81983,18923.8,Hyperliquid,2023-10-16 19:11:51.935355
0.81586,20456.3,0.82116,39650.0,Hyperliquid,2023-10-16 19:11:51.935355
0.81557,20208.0,0.82427,88971.1,Hyperliquid,2023-10-16 19:11:51.935355
0.8138,21627.9,0.82428,101215.5,Hyperliquid,2023-10-16 19:11:51.935355
0.81357,19316.5,0.82802,99206.3,Hyperliquid,2023-10-16 19:11:51.935355
0.80992,102204.5,0.82907,85796.8,Hyperliquid,2023-10-16 19:11:51.935355
0.80947,91543.6,0.83368,94258.6,Hyperliquid,2023-10-16 19:11:51.935355
0.8064,99108.9,0.83483,94487.0,Hyperliquid,2023-10-16 19:11:51.935355
0.80627,109712.3,0.8717,59.4,Hyperliquid,2023-10-16 19:11:51.935355
0.80114,107854.4,2.49,292.5,Hyperliquid,2023-10-16 19:11:51.935355
0.79944,102986.7,,,Hyperliquid,2023-10-16 19:11:51.935355
0.64,470.8,,,Hyperliquid,2023-10-16 19:11:51.935355
0.81316,3966.3,0.81339,1959.7,Hyperliquid,2023-10-16 20:15:21.506229
0.81313,37642.5,0.8134,1829.0,Hyperliquid,2023-10-16 20:15:21.506229
0.81305,39381.1,0.81349,3655.6,Hyperliquid,2023-10-16 20:15:21.506229
0.81304,21625.8,0.81351,18078.7,Hyperliquid,2023-10-16 20:15:21.506229
0.81303,20011.7,0.81352,19874.6,Hyperliquid,2023-10-16 20:15:21.506229
0.81293,19665.4,0.81363,57745.9,Hyperliquid,2023-10-16 20:15:21.506229
0.81291,19578.3,0.81365,20278.1,Hyperliquid,2023-10-16 20:15:21.506229
0.81243,19167.4,0.81372,18466.8,Hyperliquid,2023-10-16 20:15:21.506229
0.81235,19053.2,0.81377,17846.8,Hyperliquid,2023-10-16 20:15:21.506229
0.81159,20864.1,0.81433,20134.2,Hyperliquid,2023-10-16 20:15:21.506229
0.8114,21802.9,0.81441,20499.3,Hyperliquid,2023-10-16 20:15:21.506229
0.80956,41484.6,0.81502,19790.6,Hyperliquid,2023-10-16 20:15:21.506229
0.80622,102497.0,0.81522,21805.4,Hyperliquid,2023-10-16 20:15:21.506229
0.80557,105783.9,0.81687,39659.8,Hyperliquid,2023-10-16 20:15:21.506229
0.80227,91570.3,0.81971,195078.2,Hyperliquid,2023-10-16 20:15:21.506229
0.80203,92151.2,0.82235,104743.4,Hyperliquid,2023-10-16 20:15:21.506229
0.79775,106317.5,0.82355,99210.8,Hyperliquid,2023-10-16 20:15:21.506229
0.79604,101250.8,0.82994,103091.8,Hyperliquid,2023-10-16 20:15:21.506229
0.64,470.8,0.8311,88770.5,Hyperliquid,2023-10-16 20:15:21.506229
,,0.8717,59.4,Hyperliquid,2023-10-16 20:15:21.506229
0.81218,3969.2,0.81242,507.8,Hyperliquid,2023-10-16 21:12:44.856021
0.81207,38300.9,0.81243,3983.6,Hyperliquid,2023-10-16 21:12:44.856021
0.81195,42043.5,0.81255,37989.2,Hyperliquid,2023-10-16 21:12:44.856021
0.81124,37119.5,0.81268,39256.9,Hyperliquid,2023-10-16 21:12:44.856021
0.81053,19576.5,0.81323,17207.7,Hyperliquid,2023-10-16 21:12:44.856021
0.81019,20695.1,0.81325,17289.0,Hyperliquid,2023-10-16 21:12:44.856021
0.80892,21911.3,0.81395,19192.4,Hyperliquid,2023-10-16 21:12:44.856021
0.80887,18168.3,0.81431,19192.7,Hyperliquid,2023-10-16 21:12:44.856021
0.80621,107971.2,0.81596,18729.1,Hyperliquid,2023-10-16 21:12:44.856021
0.80545,92728.7,0.81597,20284.2,Hyperliquid,2023-10-16 21:12:44.856021
0.80227,103659.1,0.81966,98678.5,Hyperliquid,2023-10-16 21:12:44.856021
0.80209,92437.1,0.81968,100024.9,Hyperliquid,2023-10-16 21:12:44.856021
0.79775,106317.5,0.8236,103356.4,Hyperliquid,2023-10-16 21:12:44.856021
0.79606,95783.6,0.82473,94102.4,Hyperliquid,2023-10-16 21:12:44.856021
0.64,470.8,0.8311,88770.5,Hyperliquid,2023-10-16 21:12:44.856021
,,0.83359,95251.7,Hyperliquid,2023-10-16 21:12:44.856021
,,0.8717,59.4,Hyperliquid,2023-10-16 21:12:44.856021
,,2.49,292.5,Hyperliquid,2023-10-16 21:12:44.856021
0.8195,3947.1,0.81971,3820.7,Hyperliquid,2023-10-16 22:13:07.156019
0.81947,4143.1,0.81984,36278.8,Hyperliquid,2023-10-16 22:13:07.156019
0.81936,37753.6,0.82001,39578.4,Hyperliquid,2023-10-16 22:13:07.156019
0.8193,42279.6,0.82063,36802.3,Hyperliquid,2023-10-16 22:13:07.156019
0.81863,39821.1,0.82157,41190.3,Hyperliquid,2023-10-16 22:13:07.156019
0.81799,39074.1,0.8234,19242.2,Hyperliquid,2023-10-16 22:13:07.156019
0.81612,19422.4,0.82397,21388.8,Hyperliquid,2023-10-16 22:13:07.156019
0.81611,20863.6,0.82722,100017.9,Hyperliquid,2023-10-16 22:13:07.156019
0.81368,96758.8,0.82723,94435.0,Hyperliquid,2023-10-16 22:13:07.156019
0.81328,94145.9,0.83037,101021.6,Hyperliquid,2023-10-16 22:13:07.156019
0.81053,100371.9,0.83143,102709.0,Hyperliquid,2023-10-16 22:13:07.156019
0.81018,106694.5,0.83725,90573.7,Hyperliquid,2023-10-16 22:13:07.156019
0.80273,92609.2,0.83846,96719.1,Hyperliquid,2023-10-16 22:13:07.156019
0.8011,105645.3,0.8717,59.4,Hyperliquid,2023-10-16 22:13:07.156019
0.64,470.8,2.49,292.5,Hyperliquid,2023-10-16 22:13:07.156019
0.82419,392.5,0.82439,3654.4,Hyperliquid,2023-10-16 23:13:45.029554
0.82415,3690.3,0.82455,39155.2,Hyperliquid,2023-10-16 23:13:45.029554
0.82408,39927.5,0.82468,34264.0,Hyperliquid,2023-10-16 23:13:45.029554
0.82397,38145.8,0.825,24.6,Hyperliquid,2023-10-16 23:13:45.029554
0.82324,39695.4,0.82534,36770.5,Hyperliquid,2023-10-16 23:13:45.029554
0.82243,21596.8,0.82598,35550.5,Hyperliquid,2023-10-16 23:13:45.029554
0.82222,19153.2,0.82783,18015.0,Hyperliquid,2023-10-16 23:13:45.029554
0.82075,18082.5,0.82785,20037.4,Hyperliquid,2023-10-16 23:13:45.029554
0.82061,19441.6,0.83188,192110.8,Hyperliquid,2023-10-16 23:13:45.029554
0.81748,93114.2,0.83381,89626.0,Hyperliquid,2023-10-16 23:13:45.029554
0.81663,104558.8,0.83503,104831.9,Hyperliquid,2023-10-16 23:13:45.029554
0.81437,106592.4,0.84096,101302.5,Hyperliquid,2023-10-16 23:13:45.029554
0.81258,105188.9,0.84221,97344.6,Hyperliquid,2023-10-16 23:13:45.029554
0.80794,96346.6,0.8717,59.4,Hyperliquid,2023-10-16 23:13:45.029554
0.80609,107382.4,2.49,292.5,Hyperliquid,2023-10-16 23:13:45.029554
0.64,470.8,,,Hyperliquid,2023-10-16 23:13:45.029554
0.81541,3976.1,0.81573,3640.7,Hyperliquid,2023-10-17 01:00:58.447899
0.81528,40924.3,0.81581,40381.1,Hyperliquid,2023-10-17 01:00:58.447899
0.8152,40374.2,0.81598,20228.7,Hyperliquid,2023-10-17 01:00:58.447899
0.81455,42658.0,0.816,17762.3,Hyperliquid,2023-10-17 01:00:58.447899
0.81374,42454.0,0.81678,19241.6,Hyperliquid,2023-10-17 01:00:58.447899
0.81249,21754.6,0.81679,20240.6,Hyperliquid,2023-10-17 01:00:58.447899
0.81239,20225.7,0.8176,39331.8,Hyperliquid,2023-10-17 01:00:58.447899
0.80916,95666.5,0.81988,20986.6,Hyperliquid,2023-10-17 01:00:58.447899
0.80908,103482.3,0.8201,18598.3,Hyperliquid,2023-10-17 01:00:58.447899
0.80586,101840.8,0.82274,96236.2,Hyperliquid,2023-10-17 01:00:58.447899
0.80436,97795.4,0.82275,93506.8,Hyperliquid,2023-10-17 01:00:58.447899
0.7993,108249.7,0.82603,96400.8,Hyperliquid,2023-10-17 01:00:58.447899
0.79782,105308.4,0.82685,106133.6,Hyperliquid,2023-10-17 01:00:58.447899
0.64,470.8,0.832,31.8,Hyperliquid,2023-10-17 01:00:58.447899
,,0.83365,89451.1,Hyperliquid,2023-10-17 01:00:58.447899
,,0.8346,96890.3,Hyperliquid,2023-10-17 01:00:58.447899
,,0.8717,59.4,Hyperliquid,2023-10-17 01:00:58.447899
,,2.49,292.5,Hyperliquid,2023-10-17 01:00:58.447899
0.81223,3913.7,0.81247,3952.7,Hyperliquid,2023-10-17 02:21:27.840151
0.81213,19770.0,0.81259,36354.4,Hyperliquid,2023-10-17 02:21:27.840151
0.81212,20075.5,0.81271,40102.6,Hyperliquid,2023-10-17 02:21:27.840151
0.81203,39685.3,0.81322,40210.5,Hyperliquid,2023-10-17 02:21:27.840151
0.81136,18452.3,0.81437,21614.1,Hyperliquid,2023-10-17 02:21:27.840151
0.81132,19697.1,0.81443,19922.4,Hyperliquid,2023-10-17 02:21:27.840151
0.8108,19664.3,0.81608,38507.6,Hyperliquid,2023-10-17 02:21:27.840151
0.81073,18130.0,0.81973,94560.1,Hyperliquid,2023-10-17 02:21:27.840151
0.80942,21670.5,0.81975,91653.1,Hyperliquid,2023-10-17 02:21:27.840151
0.80884,20567.5,0.82376,88694.9,Hyperliquid,2023-10-17 02:21:27.840151
0.80641,94936.1,0.82457,99039.7,Hyperliquid,2023-10-17 02:21:27.840151
0.8064,109143.1,0.83091,96937.0,Hyperliquid,2023-10-17 02:21:27.840151
0.80382,103326.7,0.832,31.8,Hyperliquid,2023-10-17 02:21:27.840151
0.80228,105873.8,0.83365,89451.1,Hyperliquid,2023-10-17 02:21:27.840151
0.79782,105308.4,0.8717,59.4,Hyperliquid,2023-10-17 02:21:27.840151
0.79593,108505.9,2.49,292.5,Hyperliquid,2023-10-17 02:21:27.840151
0.64,470.8,,,Hyperliquid,2023-10-17 02:21:27.840151
0.81506,3895.4,0.81529,3632.0,Hyperliquid,2023-10-17 03:14:11.664991
0.81495,38129.9,0.81536,39239.8,Hyperliquid,2023-10-17 03:14:11.664991
0.81479,40468.4,0.81555,39690.9,Hyperliquid,2023-10-17 03:14:11.664991
0.81435,21284.1,0.81613,18097.7,Hyperliquid,2023-10-17 03:14:11.664991
0.81424,19875.3,0.81618,19307.5,Hyperliquid,2023-10-17 03:14:11.664991
0.81346,19078.0,0.81721,18215.6,Hyperliquid,2023-10-17 03:14:11.664991
0.81343,19289.9,0.81724,18268.9,Hyperliquid,2023-10-17 03:14:11.664991
0.81183,18132.0,0.81851,18933.6,Hyperliquid,2023-10-17 03:14:11.664991
0.81144,21038.2,0.81857,20272.9,Hyperliquid,2023-10-17 03:14:11.664991
0.80784,201637.7,0.82285,98017.8,Hyperliquid,2023-10-17 03:14:11.664991
0.80585,109360.4,0.82286,99210.9,Hyperliquid,2023-10-17 03:14:11.664991
0.80428,90872.6,0.82602,96055.6,Hyperliquid,2023-10-17 03:14:11.664991
0.7993,103410.6,0.8268,104402.5,Hyperliquid,2023-10-17 03:14:11.664991
0.79782,105308.4,0.832,31.8,Hyperliquid,2023-10-17 03:14:11.664991
0.64,470.8,0.83367,100041.4,Hyperliquid,2023-10-17 03:14:11.664991
,,0.83457,91784.4,Hyperliquid,2023-10-17 03:14:11.664991
,,0.8717,59.4,Hyperliquid,2023-10-17 03:14:11.664991
,,2.49,292.5,Hyperliquid,2023-10-17 03:14:11.664991
0.81092,4001.9,0.81125,3599.1,Hyperliquid,2023-10-17 04:16:40.632421
0.81075,40191.7,0.81139,36522.6,Hyperliquid,2023-10-17 04:16:40.632421
0.81067,37344.4,0.81152,35977.2,Hyperliquid,2023-10-17 04:16:40.632421
0.81004,19304.5,0.81216,16719.0,Hyperliquid,2023-10-17 04:16:40.632421
0.81,19647.9,0.81226,16543.1,Hyperliquid,2023-10-17 04:16:40.632421
0.80905,19870.9,0.81296,18358.0,Hyperliquid,2023-10-17 04:16:40.632421
0.80893,20301.0,0.81317,20122.4,Hyperliquid,2023-10-17 04:16:40.632421
0.80741,19458.8,0.81488,20984.7,Hyperliquid,2023-10-17 04:16:40.632421
0.8074,20462.2,0.81535,20336.7,Hyperliquid,2023-10-17 04:16:40.632421
0.80347,217918.1,0.81823,97135.5,Hyperliquid,2023-10-17 04:16:40.632421
0.80016,101683.7,0.81833,94964.6,Hyperliquid,2023-10-17 04:16:40.632421
0.7997,97055.0,0.82132,99822.1,Hyperliquid,2023-10-17 04:16:40.632421
0.79449,99003.8,0.82223,90178.2,Hyperliquid,2023-10-17 04:16:40.632421
0.79245,111974.4,0.83002,96489.6,Hyperliquid,2023-10-17 04:16:40.632421
0.64,470.8,0.8309,92340.7,Hyperliquid,2023-10-17 04:16:40.632421
,,0.832,31.8,Hyperliquid,2023-10-17 04:16:40.632421
,,0.8717,59.4,Hyperliquid,2023-10-17 04:16:40.632421
,,2.49,292.5,Hyperliquid,2023-10-17 04:16:40.632421
0.8125,32.5,0.81273,1662.1,Hyperliquid,2023-10-17 05:12:48.166639
0.81249,1838.5,0.81274,1964.3,Hyperliquid,2023-10-17 05:12:48.166639
0.81248,2073.9,0.81286,35860.3,Hyperliquid,2023-10-17 05:12:48.166639
0.81241,19557.1,0.81295,1970.9,Hyperliquid,2023-10-17 05:12:48.166639
0.81238,18661.8,0.81299,35045.0,Hyperliquid,2023-10-17 05:12:48.166639
0.81237,21730.6,0.813,18430.9,Hyperliquid,2023-10-17 05:12:48.166639
0.81227,20142.2,0.81313,16279.4,Hyperliquid,2023-10-17 05:12:48.166639
0.81226,19599.8,0.81383,38476.7,Hyperliquid,2023-10-17 05:12:48.166639
0.81189,21329.3,0.81491,39272.7,Hyperliquid,2023-10-17 05:12:48.166639
0.81167,38729.6,0.81688,18182.3,Hyperliquid,2023-10-17 05:12:48.166639
0.81112,38647.7,0.81718,18516.3,Hyperliquid,2023-10-17 05:12:48.166639
0.80962,36194.3,0.8216,95870.4,Hyperliquid,2023-10-17 05:12:48.166639
0.80647,194606.2,0.82164,93265.1,Hyperliquid,2023-10-17 05:12:48.166639
0.80375,97705.1,0.82371,96456.8,Hyperliquid,2023-10-17 05:12:48.166639
0.80222,109065.9,0.8246,94902.2,Hyperliquid,2023-10-17 05:12:48.166639
0.79581,93132.7,0.83002,96489.6,Hyperliquid,2023-10-17 05:12:48.166639
0.79449,99003.8,0.8309,92340.7,Hyperliquid,2023-10-17 05:12:48.166639
0.64,470.8,0.832,31.8,Hyperliquid,2023-10-17 05:12:48.166639
,,0.8717,59.4,Hyperliquid,2023-10-17 05:12:48.166639
,,2.49,292.5,Hyperliquid,2023-10-17 05:12:48.166639
0.80914,71.4,0.80933,3617.0,Hyperliquid,2023-10-17 06:19:11.260234
0.80913,2172.0,0.80943,36067.8,Hyperliquid,2023-10-17 06:19:11.260234
0.8091,1905.1,0.8096,35480.7,Hyperliquid,2023-10-17 06:19:11.260234
0.80904,21013.8,0.81022,19573.4,Hyperliquid,2023-10-17 06:19:11.260234
0.80903,20689.0,0.81038,18029.2,Hyperliquid,2023-10-17 06:19:11.260234
0.80893,39700.4,0.81119,20706.4,Hyperliquid,2023-10-17 06:19:11.260234
0.80834,39504.2,0.81145,21463.6,Hyperliquid,2023-10-17 06:19:11.260234
0.80761,39932.1,0.81356,21603.0,Hyperliquid,2023-10-17 06:19:11.260234
0.80608,21281.3,0.81381,18359.4,Hyperliquid,2023-10-17 06:19:11.260234
0.80607,20100.5,0.8183,99965.9,Hyperliquid,2023-10-17 06:19:11.260234
0.80365,105535.2,0.81831,106688.2,Hyperliquid,2023-10-17 06:19:11.260234
0.80363,106997.9,0.82132,98886.4,Hyperliquid,2023-10-17 06:19:11.260234
0.80018,100095.5,0.82225,100233.1,Hyperliquid,2023-10-17 06:19:11.260234
0.79973,93423.0,0.83002,96489.6,Hyperliquid,2023-10-17 06:19:11.260234
0.79581,93132.7,0.8309,92340.7,Hyperliquid,2023-10-17 06:19:11.260234
0.79449,99003.8,0.832,31.8,Hyperliquid,2023-10-17 06:19:11.260234
0.64,470.8,0.8717,59.4,Hyperliquid,2023-10-17 06:19:11.260234
,,2.49,292.5,Hyperliquid,2023-10-17 06:19:11.260234
0.80936,2124.8,0.80956,1782.9,Hyperliquid,2023-10-17 07:13:27.153878
0.80935,2093.8,0.80958,1744.0,Hyperliquid,2023-10-17 07:13:27.153878
0.80933,2029.4,0.80966,36127.4,Hyperliquid,2023-10-17 07:13:27.153878
0.80925,21763.6,0.80978,35140.8,Hyperliquid,2023-10-17 07:13:27.153878
0.80923,19896.8,0.81047,19832.1,Hyperliquid,2023-10-17 07:13:27.153878
0.80911,41880.3,0.81055,18690.9,Hyperliquid,2023-10-17 07:13:27.153878
0.80852,40772.9,0.81152,41499.7,Hyperliquid,2023-10-17 07:13:27.153878
0.80744,43637.5,0.81291,21271.7,Hyperliquid,2023-10-17 07:13:27.153878
0.80605,21607.3,0.81298,21016.6,Hyperliquid,2023-10-17 07:13:27.153878
0.80596,19412.1,0.81675,93501.7,Hyperliquid,2023-10-17 07:13:27.153878
0.80218,212830.1,0.81676,104938.6,Hyperliquid,2023-10-17 07:13:27.153878
0.80016,94689.9,0.81991,107461.1,Hyperliquid,2023-10-17 07:13:27.153878
0.79973,93423.0,0.82132,98886.4,Hyperliquid,2023-10-17 07:13:27.153878
0.79449,99003.8,0.82704,101734.3,Hyperliquid,2023-10-17 07:13:27.153878
0.79243,97996.5,0.83002,96489.6,Hyperliquid,2023-10-17 07:13:27.153878
0.64,470.8,0.832,31.8,Hyperliquid,2023-10-17 07:13:27.153878
,,0.8717,59.4,Hyperliquid,2023-10-17 07:13:27.153878
,,2.49,292.5,Hyperliquid,2023-10-17 07:13:27.153878
0.80905,4241.4,0.80934,3326.4,Hyperliquid,2023-10-17 08:18:35.636275
0.80893,37044.0,0.80948,37329.4,Hyperliquid,2023-10-17 08:18:35.636275
0.80876,42518.6,0.80957,17043.4,Hyperliquid,2023-10-17 08:18:35.636275
0.8083,20936.6,0.80963,17956.7,Hyperliquid,2023-10-17 08:18:35.636275
0.80826,21683.4,0.81046,17927.5,Hyperliquid,2023-10-17 08:18:35.636275
0.80756,20697.7,0.8105,16698.6,Hyperliquid,2023-10-17 08:18:35.636275
0.80745,21726.6,0.81147,18861.1,Hyperliquid,2023-10-17 08:18:35.636275
0.80615,19436.7,0.81159,18099.9,Hyperliquid,2023-10-17 08:18:35.636275
0.80614,20532.4,0.81329,19947.1,Hyperliquid,2023-10-17 08:18:35.636275
0.80359,199187.5,0.81377,18360.0,Hyperliquid,2023-10-17 08:18:35.636275
0.80022,105954.2,0.81847,106582.6,Hyperliquid,2023-10-17 08:18:35.636275
0.79971,99930.9,0.81854,92986.8,Hyperliquid,2023-10-17 08:18:35.636275
0.79584,96109.5,0.82144,90445.4,Hyperliquid,2023-10-17 08:18:35.636275
0.79455,110424.1,0.8224,89523.0,Hyperliquid,2023-10-17 08:18:35.636275
0.64,470.8,0.83008,102084.7,Hyperliquid,2023-10-17 08:18:35.636275
,,0.83097,93602.5,Hyperliquid,2023-10-17 08:18:35.636275
,,0.832,31.8,Hyperliquid,2023-10-17 08:18:35.636275
,,0.8717,59.4,Hyperliquid,2023-10-17 08:18:35.636275
,,2.49,292.5,Hyperliquid,2023-10-17 08:18:35.636275
0.80921,2202.0,0.80942,41.5,Hyperliquid,2023-10-17 09:14:18.488499
0.8092,2101.0,0.80943,1841.9,Hyperliquid,2023-10-17 09:14:18.488499
0.80907,37387.2,0.80946,1772.7,Hyperliquid,2023-10-17 09:14:18.488499
0.80901,39901.5,0.8096,35050.3,Hyperliquid,2023-10-17 09:14:18.488499
0.80824,40296.2,0.80972,18877.2,Hyperliquid,2023-10-17 09:14:18.488499
0.80745,19624.7,0.80973,18329.8,Hyperliquid,2023-10-17 09:14:18.488499
0.80741,21502.9,0.81027,38134.2,Hyperliquid,2023-10-17 09:14:18.488499
0.80553,21326.2,0.81112,20757.4,Hyperliquid,2023-10-17 09:14:18.488499
0.80528,19108.9,0.81135,18532.6,Hyperliquid,2023-10-17 09:14:18.488499
0.80216,202918.3,0.81294,19815.7,Hyperliquid,2023-10-17 09:14:18.488499
0.8002,101171.2,0.81315,19584.1,Hyperliquid,2023-10-17 09:14:18.488499
0.79971,99930.9,0.81691,103637.3,Hyperliquid,2023-10-17 09:14:18.488499
0.79455,110424.1,0.81692,90108.8,Hyperliquid,2023-10-17 09:14:18.488499
0.7925,111373.0,0.82144,90445.4,Hyperliquid,2023-10-17 09:14:18.488499
0.64,470.8,0.82247,103390.2,Hyperliquid,2023-10-17 09:14:18.488499
,,0.83008,102084.7,Hyperliquid,2023-10-17 09:14:18.488499
,,0.83097,93602.5,Hyperliquid,2023-10-17 09:14:18.488499
,,0.832,31.8,Hyperliquid,2023-10-17 09:14:18.488499
,,0.8717,59.4,Hyperliquid,2023-10-17 09:14:18.488499
,,2.49,292.5,Hyperliquid,2023-10-17 09:14:18.488499
0.81292,3985.5,0.81316,60.0,Hyperliquid,2023-10-17 10:15:13.034730
0.81281,39627.5,0.81317,3454.4,Hyperliquid,2023-10-17 10:15:13.034730
0.81276,3971.8,0.81327,17394.2,Hyperliquid,2023-10-17 10:15:13.034730
0.8127,38539.0,0.8133,56914.3,Hyperliquid,2023-10-17 10:15:13.034730
0.81265,36528.1,0.81343,35490.1,Hyperliquid,2023-10-17 10:15:13.034730
0.81255,40672.4,0.81399,36528.4,Hyperliquid,2023-10-17 10:15:13.034730
0.81215,21640.2,0.81467,19227.0,Hyperliquid,2023-10-17 10:15:13.034730
0.81205,18046.0,0.81511,20811.2,Hyperliquid,2023-10-17 10:15:13.034730
0.81188,20224.4,0.81512,18111.5,Hyperliquid,2023-10-17 10:15:13.034730
0.81104,21418.9,0.81647,17950.9,Hyperliquid,2023-10-17 10:15:13.034730
0.81098,19397.1,0.81681,20590.3,Hyperliquid,2023-10-17 10:15:13.034730
0.80937,21179.1,0.82179,106918.4,Hyperliquid,2023-10-17 10:15:13.034730
0.80916,20341.8,0.82185,99137.2,Hyperliquid,2023-10-17 10:15:13.034730
0.80634,102275.4,0.82386,92075.1,Hyperliquid,2023-10-17 10:15:13.034730
0.80624,105760.9,0.8249,104428.8,Hyperliquid,2023-10-17 10:15:13.034730
0.80372,94413.6,0.83008,102084.7,Hyperliquid,2023-10-17 10:15:13.034730
0.8022,98600.1,0.83097,93602.5,Hyperliquid,2023-10-17 10:15:13.034730
0.802,32.2,0.8717,59.4,Hyperliquid,2023-10-17 10:15:13.034730
0.7958,104450.5,2.49,292.5,Hyperliquid,2023-10-17 10:15:13.034730
0.79455,110424.1,,,Hyperliquid,2023-10-17 10:15:13.034730
0.80869,3916.4,0.80891,3348.0,Hyperliquid,2023-10-17 11:11:55.593565
0.80865,3863.3,0.80895,5425.9,Hyperliquid,2023-10-17 11:11:55.593565
0.80859,41212.6,0.80898,1600.0,Hyperliquid,2023-10-17 11:11:55.593565
0.80849,43206.0,0.8091,34670.1,Hyperliquid,2023-10-17 11:11:55.593565
0.8078,40944.2,0.80917,34739.7,Hyperliquid,2023-10-17 11:11:55.593565
0.80725,20184.0,0.81009,31879.0,Hyperliquid,2023-10-17 11:11:55.593565
0.80718,20408.9,0.81117,20307.0,Hyperliquid,2023-10-17 11:11:55.593565
0.8055,19518.9,0.81124,21198.4,Hyperliquid,2023-10-17 11:11:55.593565
0.80549,19809.5,0.81306,19274.7,Hyperliquid,2023-10-17 11:11:55.593565
0.802,32.2,0.81341,21184.1,Hyperliquid,2023-10-17 11:11:55.593565
0.80199,106792.5,0.81851,198479.6,Hyperliquid,2023-10-17 11:11:55.593565
0.80196,99641.8,0.82139,103377.6,Hyperliquid,2023-10-17 11:11:55.593565
0.80014,95882.5,0.82241,95155.0,Hyperliquid,2023-10-17 11:11:55.593565
0.79956,103798.5,0.83005,105817.5,Hyperliquid,2023-10-17 11:11:55.593565
0.79461,104890.9,0.83108,91448.6,Hyperliquid,2023-10-17 11:11:55.593565
0.79247,94948.4,0.8717,59.4,Hyperliquid,2023-10-17 11:11:55.593565
0.64,470.8,2.49,292.5,Hyperliquid,2023-10-17 11:11:55.593565
