bid_price,bid_size,ask_price,ask_size,protocol_name,timestamp
21.878,534.17,21.885,468.59,Hyperliquid,2023-10-14 12:24:06.410482
21.874,5113.71,21.886,19.43,Hyperliquid,2023-10-14 12:24:06.410482
21.873,0.51,21.888,4658.56,Hyperliquid,2023-10-14 12:24:06.410482
21.871,5068.94,21.892,4708.82,Hyperliquid,2023-10-14 12:24:06.410482
21.865,67.18,21.897,21.5,Hyperliquid,2023-10-14 12:24:06.410482
21.859,5185.7,21.899,45.68,Hyperliquid,2023-10-14 12:24:06.410482
21.837,5165.04,21.911,2216.93,Hyperliquid,2023-10-14 12:24:06.410482
21.797,2355.75,21.915,2379.92,Hyperliquid,2023-10-14 12:24:06.410482
21.791,2840.3,21.938,5138.6,Hyperliquid,2023-10-14 12:24:06.410482
21.71,28547.09,21.991,5487.0,Hyperliquid,2023-10-14 12:24:06.410482
21.633,13053.39,22.128,25845.0,Hyperliquid,2023-10-14 12:24:06.410482
21.624,13512.51,22.231,13842.86,Hyperliquid,2023-10-14 12:24:06.410482
21.495,13055.24,22.246,12552.7,Hyperliquid,2023-10-14 12:24:06.410482
21.481,12055.7,22.4,6155.75,Hyperliquid,2023-10-14 12:24:06.410482
18.5,1000.0,22.496,11476.22,Hyperliquid,2023-10-14 12:24:06.410482
17.5,800.0,22.507,13167.23,Hyperliquid,2023-10-14 12:24:06.410482
16.5,1000.0,22.65,48.08,Hyperliquid,2023-10-14 12:24:06.410482
15.555,155.48,22.674,49.33,Hyperliquid,2023-10-14 12:24:06.410482
10.0,50.0,22.698,50.59,Hyperliquid,2023-10-14 12:24:06.410482
,,22.722,51.84,Hyperliquid,2023-10-14 12:24:06.410482
21.889,512.44,21.895,488.54,Hyperliquid,2023-10-14 13:14:28.847473
21.885,5350.69,21.898,2231.66,Hyperliquid,2023-10-14 13:14:28.847473
21.883,5241.84,21.899,2545.54,Hyperliquid,2023-10-14 13:14:28.847473
21.882,45.68,21.901,1.81,Hyperliquid,2023-10-14 13:14:28.847473
21.873,21.5,21.902,4822.26,Hyperliquid,2023-10-14 13:14:28.847473
21.864,5121.37,21.905,21.5,Hyperliquid,2023-10-14 13:14:28.847473
21.845,5422.62,21.912,45.68,Hyperliquid,2023-10-14 13:14:28.847473
21.794,2641.06,21.918,2115.98,Hyperliquid,2023-10-14 13:14:28.847473
21.785,2342.83,21.919,2251.0,Hyperliquid,2023-10-14 13:14:28.847473
21.707,27452.79,21.938,2634.91,Hyperliquid,2023-10-14 13:14:28.847473
21.632,12963.21,21.94,2483.23,Hyperliquid,2023-10-14 13:14:28.847473
21.624,13512.51,21.994,5059.15,Hyperliquid,2023-10-14 13:14:28.847473
21.481,12055.7,22.082,13901.05,Hyperliquid,2023-10-14 13:14:28.847473
21.404,14443.21,22.125,12215.71,Hyperliquid,2023-10-14 13:14:28.847473
18.5,1000.0,22.231,13821.44,Hyperliquid,2023-10-14 13:14:28.847473
17.5,800.0,22.246,11819.82,Hyperliquid,2023-10-14 13:14:28.847473
16.5,1000.0,22.385,12015.25,Hyperliquid,2023-10-14 13:14:28.847473
15.555,155.48,22.4,6155.75,Hyperliquid,2023-10-14 13:14:28.847473
10.0,50.0,22.401,13047.47,Hyperliquid,2023-10-14 13:14:28.847473
,,22.65,48.08,Hyperliquid,2023-10-14 13:14:28.847473
21.97,504.1,21.976,236.65,Hyperliquid,2023-10-14 14:11:08.603251
21.969,17.62,21.977,232.21,Hyperliquid,2023-10-14 14:11:08.603251
21.968,2481.52,21.979,4327.76,Hyperliquid,2023-10-14 14:11:08.603251
21.967,2709.64,21.981,0.5,Hyperliquid,2023-10-14 14:11:08.603251
21.964,2504.71,21.982,4930.36,Hyperliquid,2023-10-14 14:11:08.603251
21.963,2635.7,21.985,10.75,Hyperliquid,2023-10-14 14:11:08.603251
21.959,45.49,21.986,10.75,Hyperliquid,2023-10-14 14:11:08.603251
21.953,21.5,22.0,45.5,Hyperliquid,2023-10-14 14:11:08.603251
21.949,2713.49,22.003,4510.4,Hyperliquid,2023-10-14 14:11:08.603251
21.948,2814.02,22.032,2736.54,Hyperliquid,2023-10-14 14:11:08.603251
21.928,5087.91,22.038,2398.16,Hyperliquid,2023-10-14 14:11:08.603251
21.884,5134.66,22.089,5122.54,Hyperliquid,2023-10-14 14:11:08.603251
21.778,25567.3,22.171,12887.2,Hyperliquid,2023-10-14 14:11:08.603251
21.688,14009.59,22.173,11529.07,Hyperliquid,2023-10-14 14:11:08.603251
21.679,13983.57,22.246,11819.82,Hyperliquid,2023-10-14 14:11:08.603251
21.496,13269.84,22.298,11671.16,Hyperliquid,2023-10-14 14:11:08.603251
21.481,12055.7,22.4,6155.75,Hyperliquid,2023-10-14 14:11:08.603251
18.5,1000.0,22.508,11455.31,Hyperliquid,2023-10-14 14:11:08.603251
17.5,800.0,22.509,11598.41,Hyperliquid,2023-10-14 14:11:08.603251
16.5,1000.0,22.65,48.08,Hyperliquid,2023-10-14 14:11:08.603251
21.923,24.03,21.929,434.17,Hyperliquid,2023-10-14 15:12:23.724557
21.922,273.43,21.933,4524.22,Hyperliquid,2023-10-14 15:12:23.724557
21.921,243.95,21.937,4974.53,Hyperliquid,2023-10-14 15:12:23.724557
21.92,2669.36,21.939,1.3,Hyperliquid,2023-10-14 15:12:23.724557
21.919,2711.92,21.943,21.5,Hyperliquid,2023-10-14 15:12:23.724557
21.918,5368.8,21.955,45.59,Hyperliquid,2023-10-14 15:12:23.724557
21.915,45.6,21.957,2491.99,Hyperliquid,2023-10-14 15:12:23.724557
21.911,21.5,21.959,2192.63,Hyperliquid,2023-10-14 15:12:23.724557
21.9,4896.2,21.985,5269.83,Hyperliquid,2023-10-14 15:12:23.724557
21.887,2811.63,22.028,2518.18,Hyperliquid,2023-10-14 15:12:23.724557
21.881,2741.21,22.04,2734.9,Hyperliquid,2023-10-14 15:12:23.724557
21.839,2488.66,22.127,13904.11,Hyperliquid,2023-10-14 15:12:23.724557
21.837,2519.39,22.147,11052.11,Hyperliquid,2023-10-14 15:12:23.724557
21.749,13886.34,22.232,13562.81,Hyperliquid,2023-10-14 15:12:23.724557
21.736,13444.43,22.256,11904.38,Hyperliquid,2023-10-14 15:12:23.724557
21.679,12757.84,22.4,6155.75,Hyperliquid,2023-10-14 15:12:23.724557
21.621,12305.03,22.468,12256.24,Hyperliquid,2023-10-14 15:12:23.724557
21.48,13723.13,22.508,11455.31,Hyperliquid,2023-10-14 15:12:23.724557
21.442,12347.3,22.65,48.08,Hyperliquid,2023-10-14 15:12:23.724557
18.5,1000.0,22.674,49.33,Hyperliquid,2023-10-14 15:12:23.724557
22.044,28.44,22.051,234.43,Hyperliquid,2023-10-14 16:15:54.137332
22.043,5874.51,22.052,232.12,Hyperliquid,2023-10-14 16:15:54.137332
22.04,10421.17,22.056,4397.27,Hyperliquid,2023-10-14 16:15:54.137332
22.036,10.75,22.061,4541.95,Hyperliquid,2023-10-14 16:15:54.137332
22.035,10.75,22.065,0.54,Hyperliquid,2023-10-14 16:15:54.137332
22.03,45.35,22.068,21.5,Hyperliquid,2023-10-14 16:15:54.137332
22.023,5366.22,22.078,2061.27,Hyperliquid,2023-10-14 16:15:54.137332
22.001,2747.56,22.081,2241.48,Hyperliquid,2023-10-14 16:15:54.137332
21.999,2659.12,22.085,2480.44,Hyperliquid,2023-10-14 16:15:54.137332
21.966,2747.87,22.106,2374.75,Hyperliquid,2023-10-14 16:15:54.137332
21.965,2639.0,22.109,2399.78,Hyperliquid,2023-10-14 16:15:54.137332
21.857,13591.06,22.164,2572.73,Hyperliquid,2023-10-14 16:15:54.137332
21.856,13427.42,22.167,2357.61,Hyperliquid,2023-10-14 16:15:54.137332
21.788,28443.77,22.264,12343.81,Hyperliquid,2023-10-14 16:15:54.137332
21.625,11903.78,22.282,12972.61,Hyperliquid,2023-10-14 16:15:54.137332
21.57,14333.01,22.366,12916.9,Hyperliquid,2023-10-14 16:15:54.137332
18.5,1000.0,22.392,11968.88,Hyperliquid,2023-10-14 16:15:54.137332
17.5,800.0,22.4,6155.75,Hyperliquid,2023-10-14 16:15:54.137332
16.5,1000.0,22.577,13360.0,Hyperliquid,2023-10-14 16:15:54.137332
15.555,155.48,22.617,11899.26,Hyperliquid,2023-10-14 16:15:54.137332
22.042,264.53,22.048,449.77,Hyperliquid,2023-10-14 17:10:57.778615
22.041,254.09,22.051,4311.75,Hyperliquid,2023-10-14 17:10:57.778615
22.04,4895.84,22.054,2057.12,Hyperliquid,2023-10-14 17:10:57.778615
22.035,4964.75,22.055,21.5,Hyperliquid,2023-10-14 17:10:57.778615
22.023,21.5,22.057,2320.1,Hyperliquid,2023-10-14 17:10:57.778615
22.018,2472.92,22.069,45.36,Hyperliquid,2023-10-14 17:10:57.778615
22.017,2532.4,22.074,2051.93,Hyperliquid,2023-10-14 17:10:57.778615
21.993,5507.91,22.076,2103.57,Hyperliquid,2023-10-14 17:10:57.778615
21.964,2748.72,22.102,2520.44,Hyperliquid,2023-10-14 17:10:57.778615
21.961,2406.94,22.107,2767.5,Hyperliquid,2023-10-14 17:10:57.778615
21.857,12837.53,22.17,2420.25,Hyperliquid,2023-10-14 17:10:57.778615
21.855,13924.57,22.172,2619.55,Hyperliquid,2023-10-14 17:10:57.778615
21.787,25664.76,22.265,11807.58,Hyperliquid,2023-10-14 17:10:57.778615
21.57,14333.01,22.28,12333.9,Hyperliquid,2023-10-14 17:10:57.778615
21.534,13764.32,22.367,11931.77,Hyperliquid,2023-10-14 17:10:57.778615
18.5,1000.0,22.394,13741.77,Hyperliquid,2023-10-14 17:10:57.778615
17.5,800.0,22.4,6155.75,Hyperliquid,2023-10-14 17:10:57.778615
16.5,1000.0,22.577,13360.0,Hyperliquid,2023-10-14 17:10:57.778615
15.555,155.48,22.617,11899.26,Hyperliquid,2023-10-14 17:10:57.778615
10.0,50.0,22.65,48.08,Hyperliquid,2023-10-14 17:10:57.778615
21.994,495.45,22.001,449.87,Hyperliquid,2023-10-14 18:16:27.367465
21.993,5523.43,22.005,2374.57,Hyperliquid,2023-10-14 18:16:27.367465
21.99,5001.53,22.006,2299.17,Hyperliquid,2023-10-14 18:16:27.367465
21.983,66.95,22.007,2175.03,Hyperliquid,2023-10-14 18:16:27.367465
21.973,2482.9,22.009,2078.93,Hyperliquid,2023-10-14 18:16:27.367465
21.971,2485.89,22.015,21.5,Hyperliquid,2023-10-14 18:16:27.367465
21.946,2367.11,22.02,45.47,Hyperliquid,2023-10-14 18:16:27.367465
21.942,2360.18,22.028,4414.37,Hyperliquid,2023-10-14 18:16:27.367465
21.916,2362.39,22.035,0.77,Hyperliquid,2023-10-14 18:16:27.367465
21.903,2525.63,22.047,5054.03,Hyperliquid,2023-10-14 18:16:27.367465
21.818,12461.8,22.101,2354.9,Hyperliquid,2023-10-14 18:16:27.367465
21.817,12919.92,22.105,2320.24,Hyperliquid,2023-10-14 18:16:27.367465
21.729,24979.77,22.22,12538.56,Hyperliquid,2023-10-14 18:16:27.367465
21.57,14333.01,22.235,12914.19,Hyperliquid,2023-10-14 18:16:27.367465
21.534,13764.32,22.327,13615.93,Hyperliquid,2023-10-14 18:16:27.367465
18.5,1000.0,22.367,11931.77,Hyperliquid,2023-10-14 18:16:27.367465
17.5,800.0,22.4,6155.75,Hyperliquid,2023-10-14 18:16:27.367465
16.5,1000.0,22.577,13360.0,Hyperliquid,2023-10-14 18:16:27.367465
15.555,155.48,22.617,11899.26,Hyperliquid,2023-10-14 18:16:27.367465
10.0,50.0,22.65,48.08,Hyperliquid,2023-10-14 18:16:27.367465
22.013,549.6,22.018,6.63,Hyperliquid,2023-10-14 19:10:16.516247
22.012,1.25,22.019,466.03,Hyperliquid,2023-10-14 19:10:16.516247
22.01,5132.01,22.023,4536.62,Hyperliquid,2023-10-14 19:10:16.516247
22.006,5015.96,22.025,4627.18,Hyperliquid,2023-10-14 19:10:16.516247
22.005,45.42,22.035,21.5,Hyperliquid,2023-10-14 19:10:16.516247
22.003,21.5,22.036,45.41,Hyperliquid,2023-10-14 19:10:16.516247
21.991,2722.08,22.043,2495.91,Hyperliquid,2023-10-14 19:10:16.516247
21.987,2812.05,22.046,2507.84,Hyperliquid,2023-10-14 19:10:16.516247
21.974,2618.62,22.068,2369.72,Hyperliquid,2023-10-14 19:10:16.516247
21.97,2822.57,22.071,2717.31,Hyperliquid,2023-10-14 19:10:16.516247
21.934,2475.44,22.117,2526.41,Hyperliquid,2023-10-14 19:10:16.516247
21.929,2357.86,22.131,2465.36,Hyperliquid,2023-10-14 19:10:16.516247
21.818,12461.8,22.22,12538.56,Hyperliquid,2023-10-14 19:10:16.516247
21.817,12919.92,22.235,12355.63,Hyperliquid,2023-10-14 19:10:16.516247
21.729,24979.77,22.302,12317.31,Hyperliquid,2023-10-14 19:10:16.516247
21.57,14333.01,22.327,13615.93,Hyperliquid,2023-10-14 19:10:16.516247
21.534,13764.32,22.4,6155.75,Hyperliquid,2023-10-14 19:10:16.516247
18.5,1000.0,22.508,12837.02,Hyperliquid,2023-10-14 19:10:16.516247
17.5,800.0,22.577,13360.0,Hyperliquid,2023-10-14 19:10:16.516247
16.5,1000.0,22.65,48.08,Hyperliquid,2023-10-14 19:10:16.516247
22.013,7.1,22.018,487.15,Hyperliquid,2023-10-14 20:13:03.519439
22.012,533.0,22.022,4657.65,Hyperliquid,2023-10-14 20:13:03.519439
22.009,4989.3,22.025,4496.65,Hyperliquid,2023-10-14 20:13:03.519439
22.007,2386.7,22.034,10.75,Hyperliquid,2023-10-14 20:13:03.519439
22.005,2597.04,22.035,10.75,Hyperliquid,2023-10-14 20:13:03.519439
22.003,10.75,22.037,0.95,Hyperliquid,2023-10-14 20:13:03.519439
22.002,10.75,22.04,45.42,Hyperliquid,2023-10-14 20:13:03.519439
22.001,45.41,22.048,4841.29,Hyperliquid,2023-10-14 20:13:03.519439
21.989,5144.49,22.074,4713.16,Hyperliquid,2023-10-14 20:13:03.519439
21.973,2625.26,22.12,2703.41,Hyperliquid,2023-10-14 20:13:03.519439
21.972,2622.29,22.138,2401.47,Hyperliquid,2023-10-14 20:13:03.519439
21.931,2730.91,22.22,12538.56,Hyperliquid,2023-10-14 20:13:03.519439
21.925,2618.03,22.234,11947.87,Hyperliquid,2023-10-14 20:13:03.519439
21.855,27303.18,22.274,51.98,Hyperliquid,2023-10-14 20:13:03.519439
21.729,24979.77,22.302,12317.31,Hyperliquid,2023-10-14 20:13:03.519439
21.57,14333.01,22.327,13615.93,Hyperliquid,2023-10-14 20:13:03.519439
21.534,13764.32,22.4,6155.75,Hyperliquid,2023-10-14 20:13:03.519439
18.5,1000.0,22.508,12837.02,Hyperliquid,2023-10-14 20:13:03.519439
17.5,800.0,22.577,13360.0,Hyperliquid,2023-10-14 20:13:03.519439
16.5,1000.0,22.65,48.08,Hyperliquid,2023-10-14 20:13:03.519439
21.996,31.14,22.002,490.63,Hyperliquid,2023-10-14 21:11:00.413255
21.991,481.47,22.004,450.65,Hyperliquid,2023-10-14 21:11:00.413255
21.99,45.45,22.006,9165.57,Hyperliquid,2023-10-14 21:11:00.413255
21.988,10784.51,22.008,4791.77,Hyperliquid,2023-10-14 21:11:00.413255
21.984,5064.91,22.012,4821.66,Hyperliquid,2023-10-14 21:11:00.413255
21.974,5044.78,22.016,21.5,Hyperliquid,2023-10-14 21:11:00.413255
21.957,4788.57,22.028,0.5,Hyperliquid,2023-10-14 21:11:00.413255
21.945,5559.85,22.03,1.54,Hyperliquid,2023-10-14 21:11:00.413255
21.913,2490.96,22.031,45.43,Hyperliquid,2023-10-14 21:11:00.413255
21.906,2548.19,22.032,4684.25,Hyperliquid,2023-10-14 21:11:00.413255
21.816,25933.43,22.058,5279.1,Hyperliquid,2023-10-14 21:11:00.413255
21.73,12820.86,22.121,2455.38,Hyperliquid,2023-10-14 21:11:00.413255
21.729,11865.33,22.122,2388.74,Hyperliquid,2023-10-14 21:11:00.413255
21.572,11891.91,22.223,13708.42,Hyperliquid,2023-10-14 21:11:00.413255
21.534,13764.32,22.238,13340.81,Hyperliquid,2023-10-14 21:11:00.413255
18.5,1000.0,22.274,51.98,Hyperliquid,2023-10-14 21:11:00.413255
17.5,800.0,22.304,11813.63,Hyperliquid,2023-10-14 21:11:00.413255
16.5,1000.0,22.329,13016.95,Hyperliquid,2023-10-14 21:11:00.413255
15.555,155.48,22.4,6155.75,Hyperliquid,2023-10-14 21:11:00.413255
10.0,50.0,22.472,13496.57,Hyperliquid,2023-10-14 21:11:00.413255
21.944,509.3,21.951,449.3,Hyperliquid,2023-10-14 22:11:46.774234
21.942,40.2,21.954,4597.43,Hyperliquid,2023-10-14 22:11:46.774234
21.941,4852.06,21.957,4389.35,Hyperliquid,2023-10-14 22:11:46.774234
21.939,5133.67,21.961,11.8,Hyperliquid,2023-10-14 22:11:46.774234
21.935,11.8,21.965,10.75,Hyperliquid,2023-10-14 22:11:46.774234
21.933,10.75,21.97,45.54,Hyperliquid,2023-10-14 22:11:46.774234
21.92,2673.63,21.972,4783.83,Hyperliquid,2023-10-14 22:11:46.774234
21.919,2351.45,21.998,4866.5,Hyperliquid,2023-10-14 22:11:46.774234
21.898,5149.82,22.009,0.51,Hyperliquid,2023-10-14 22:11:46.774234
21.863,2760.96,22.01,1.58,Hyperliquid,2023-10-14 22:11:46.774234
21.861,2710.32,22.061,5123.0,Hyperliquid,2023-10-14 22:11:46.774234
21.773,11946.93,22.152,12044.87,Hyperliquid,2023-10-14 22:11:46.774234
21.772,13072.36,22.181,13685.37,Hyperliquid,2023-10-14 22:11:46.774234
21.675,14269.33,22.241,12240.54,Hyperliquid,2023-10-14 22:11:46.774234
21.674,14262.18,22.265,12783.69,Hyperliquid,2023-10-14 22:11:46.774234
21.534,13764.32,22.274,51.98,Hyperliquid,2023-10-14 22:11:46.774234
21.481,12338.73,22.4,6155.75,Hyperliquid,2023-10-14 22:11:46.774234
18.5,1000.0,22.472,13496.57,Hyperliquid,2023-10-14 22:11:46.774234
17.5,800.0,22.508,12837.02,Hyperliquid,2023-10-14 22:11:46.774234
16.5,1000.0,22.65,48.08,Hyperliquid,2023-10-14 22:11:46.774234
21.992,534.54,21.999,462.7,Hyperliquid,2023-10-14 23:12:28.976607
21.99,25.8,22.003,5182.59,Hyperliquid,2023-10-14 23:12:28.976607
21.989,45.46,22.006,4460.86,Hyperliquid,2023-10-14 23:12:28.976607
21.988,5275.04,22.009,11.8,Hyperliquid,2023-10-14 23:12:28.976607
21.986,4785.27,22.012,10.75,Hyperliquid,2023-10-14 23:12:28.976607
21.984,11.8,22.02,4847.79,Hyperliquid,2023-10-14 23:12:28.976607
21.98,10.75,22.021,45.46,Hyperliquid,2023-10-14 23:12:28.976607
21.967,5113.11,22.029,0.61,Hyperliquid,2023-10-14 23:12:28.976607
21.954,5017.38,22.051,5249.9,Hyperliquid,2023-10-14 23:12:28.976607
21.904,4766.2,22.109,5278.82,Hyperliquid,2023-10-14 23:12:28.976607
21.811,25875.15,22.197,12253.39,Hyperliquid,2023-10-14 23:12:28.976607
21.733,25647.25,22.225,12235.89,Hyperliquid,2023-10-14 23:12:28.976607
21.572,14218.5,22.274,51.98,Hyperliquid,2023-10-14 23:12:28.976607
21.534,13764.32,22.311,12531.13,Hyperliquid,2023-10-14 23:12:28.976607
18.5,1000.0,22.329,12897.84,Hyperliquid,2023-10-14 23:12:28.976607
17.5,800.0,22.4,6155.75,Hyperliquid,2023-10-14 23:12:28.976607
16.5,1000.0,22.472,13496.57,Hyperliquid,2023-10-14 23:12:28.976607
15.555,155.48,22.508,12837.02,Hyperliquid,2023-10-14 23:12:28.976607
10.0,50.0,22.65,48.08,Hyperliquid,2023-10-14 23:12:28.976607
,,22.674,49.33,Hyperliquid,2023-10-14 23:12:28.976607
21.87,509.69,21.876,476.64,Hyperliquid,2023-10-15 01:04:30.676247
21.868,5320.58,21.878,5153.58,Hyperliquid,2023-10-15 01:04:30.676247
21.866,45.71,21.879,11.8,Hyperliquid,2023-10-15 01:04:30.676247
21.864,5087.53,21.881,4819.66,Hyperliquid,2023-10-15 01:04:30.676247
21.853,11.8,21.882,10.75,Hyperliquid,2023-10-15 01:04:30.676247
21.85,10.75,21.896,4577.14,Hyperliquid,2023-10-15 01:04:30.676247
21.845,5295.61,21.897,45.71,Hyperliquid,2023-10-15 01:04:30.676247
21.824,2405.03,21.92,1.64,Hyperliquid,2023-10-15 01:04:30.676247
21.82,2707.19,21.922,2825.03,Hyperliquid,2023-10-15 01:04:30.676247
21.788,2847.31,21.924,2356.72,Hyperliquid,2023-10-15 01:04:30.676247
21.778,2483.1,21.968,2454.47,Hyperliquid,2023-10-15 01:04:30.676247
21.677,12922.12,21.971,2393.0,Hyperliquid,2023-10-15 01:04:30.676247
21.674,12890.45,22.058,13688.02,Hyperliquid,2023-10-15 01:04:30.676247
21.598,12217.35,22.089,11795.69,Hyperliquid,2023-10-15 01:04:30.676247
21.586,12904.26,22.147,11730.5,Hyperliquid,2023-10-15 01:04:30.676247
21.44,13678.5,22.19,12100.53,Hyperliquid,2023-10-15 01:04:30.676247
21.426,13145.58,22.274,51.98,Hyperliquid,2023-10-15 01:04:30.676247
18.5,1000.0,22.327,11959.47,Hyperliquid,2023-10-15 01:04:30.676247
17.5,800.0,22.4,6155.75,Hyperliquid,2023-10-15 01:04:30.676247
16.5,1000.0,22.421,13193.43,Hyperliquid,2023-10-15 01:04:30.676247
22.03,505.25,22.037,437.51,Hyperliquid,2023-10-15 02:22:46.723573
22.028,6.17,22.039,2599.73,Hyperliquid,2023-10-15 02:22:46.723573
22.027,2726.17,22.042,2420.19,Hyperliquid,2023-10-15 02:22:46.723573
22.026,2761.52,22.043,2254.57,Hyperliquid,2023-10-15 02:22:46.723573
22.022,4866.79,22.044,2333.73,Hyperliquid,2023-10-15 02:22:46.723573
22.02,45.38,22.051,10.75,Hyperliquid,2023-10-15 02:22:46.723573
22.002,4901.05,22.052,1.08,Hyperliquid,2023-10-15 02:22:46.723573
21.984,2496.26,22.059,2281.97,Hyperliquid,2023-10-15 02:22:46.723573
21.979,2514.33,22.062,2433.32,Hyperliquid,2023-10-15 02:22:46.723573
21.952,2823.06,22.094,2674.17,Hyperliquid,2023-10-15 02:22:46.723573
21.945,2586.12,22.095,2765.97,Hyperliquid,2023-10-15 02:22:46.723573
21.88,11844.15,22.15,5312.41,Hyperliquid,2023-10-15 02:22:46.723573
21.872,12539.13,22.242,12072.33,Hyperliquid,2023-10-15 02:22:46.723573
21.777,11846.28,22.255,12203.65,Hyperliquid,2023-10-15 02:22:46.723573
21.755,12772.11,22.274,51.98,Hyperliquid,2023-10-15 02:22:46.723573
21.636,11401.06,22.344,12997.16,Hyperliquid,2023-10-15 02:22:46.723573
21.621,12167.5,22.357,12407.3,Hyperliquid,2023-10-15 02:22:46.723573
18.5,1000.0,22.4,6155.75,Hyperliquid,2023-10-15 02:22:46.723573
17.5,800.0,22.55,13322.8,Hyperliquid,2023-10-15 02:22:46.723573
16.5,1000.0,22.642,9918.77,Hyperliquid,2023-10-15 02:22:46.723573
21.999,263.75,22.004,511.71,Hyperliquid,2023-10-15 03:13:47.868641
21.997,243.74,22.008,2414.06,Hyperliquid,2023-10-15 03:13:47.868641
21.996,5279.9,22.009,2164.22,Hyperliquid,2023-10-15 03:13:47.868641
21.993,5087.86,22.01,4826.21,Hyperliquid,2023-10-15 03:13:47.868641
21.992,9.13,22.015,0.99,Hyperliquid,2023-10-15 03:13:47.868641
21.991,45.45,22.019,10.75,Hyperliquid,2023-10-15 03:13:47.868641
21.978,2701.16,22.024,45.45,Hyperliquid,2023-10-15 03:13:47.868641
21.976,2737.88,22.027,4630.99,Hyperliquid,2023-10-15 03:13:47.868641
21.953,5041.03,22.059,5223.71,Hyperliquid,2023-10-15 03:13:47.868641
21.894,5063.14,22.097,2775.16,Hyperliquid,2023-10-15 03:13:47.868641
21.826,12638.93,22.11,2413.9,Hyperliquid,2023-10-15 03:13:47.868641
21.804,12689.15,22.198,13349.95,Hyperliquid,2023-10-15 03:13:47.868641
21.755,12772.11,22.214,13482.23,Hyperliquid,2023-10-15 03:13:47.868641
21.719,13050.61,22.274,51.98,Hyperliquid,2023-10-15 03:13:47.868641
21.543,13087.32,22.294,12906.99,Hyperliquid,2023-10-15 03:13:47.868641
21.529,12456.31,22.344,12997.16,Hyperliquid,2023-10-15 03:13:47.868641
18.5,1000.0,22.4,6155.75,Hyperliquid,2023-10-15 03:13:47.868641
17.5,800.0,22.539,12529.38,Hyperliquid,2023-10-15 03:13:47.868641
16.5,1000.0,22.55,13322.8,Hyperliquid,2023-10-15 03:13:47.868641
15.555,155.48,22.65,48.08,Hyperliquid,2023-10-15 03:13:47.868641
21.903,244.86,21.911,240.65,Hyperliquid,2023-10-15 04:15:29.933907
21.902,233.66,21.912,242.68,Hyperliquid,2023-10-15 04:15:29.933907
21.899,2690.4,21.913,227.11,Hyperliquid,2023-10-15 04:15:29.933907
21.897,2656.58,21.914,262.32,Hyperliquid,2023-10-15 04:15:29.933907
21.895,2452.54,21.915,4781.4,Hyperliquid,2023-10-15 04:15:29.933907
21.893,2683.76,21.917,2421.67,Hyperliquid,2023-10-15 04:15:29.933907
21.881,2530.41,21.918,2577.66,Hyperliquid,2023-10-15 04:15:29.933907
21.88,2356.35,21.919,4797.66,Hyperliquid,2023-10-15 04:15:29.933907
21.874,2539.99,21.922,4780.35,Hyperliquid,2023-10-15 04:15:29.933907
21.873,2759.15,21.929,2463.27,Hyperliquid,2023-10-15 04:15:29.933907
21.858,2564.23,21.934,2197.07,Hyperliquid,2023-10-15 04:15:29.933907
21.854,2588.33,21.936,2167.91,Hyperliquid,2023-10-15 04:15:29.933907
21.808,5472.91,21.941,2455.78,Hyperliquid,2023-10-15 04:15:29.933907
21.725,13163.81,21.956,2484.94,Hyperliquid,2023-10-15 04:15:29.933907
21.71,13047.0,21.966,2524.07,Hyperliquid,2023-10-15 04:15:29.933907
21.664,13143.14,21.968,2693.66,Hyperliquid,2023-10-15 04:15:29.933907
21.642,13953.28,21.998,2810.98,Hyperliquid,2023-10-15 04:15:29.933907
21.451,14297.8,22.011,2677.87,Hyperliquid,2023-10-15 04:15:29.933907
21.437,12662.28,22.113,13177.88,Hyperliquid,2023-10-15 04:15:29.933907
18.5,1000.0,22.126,14052.24,Hyperliquid,2023-10-15 04:15:29.933907
21.888,521.7,21.894,483.33,Hyperliquid,2023-10-15 05:12:15.932715
21.886,5601.92,21.898,4580.67,Hyperliquid,2023-10-15 05:12:15.932715
21.885,0.47,21.9,5105.37,Hyperliquid,2023-10-15 05:12:15.932715
21.882,5305.27,21.904,1.12,Hyperliquid,2023-10-15 05:12:15.932715
21.875,45.68,21.905,45.67,Hyperliquid,2023-10-15 05:12:15.932715
21.866,5276.65,21.911,10.75,Hyperliquid,2023-10-15 05:12:15.932715
21.85,5511.62,21.917,2205.67,Hyperliquid,2023-10-15 05:12:15.932715
21.806,5639.09,21.919,2310.86,Hyperliquid,2023-10-15 05:12:15.932715
21.718,13338.53,21.951,5312.4,Hyperliquid,2023-10-15 05:12:15.932715
21.709,11817.02,21.995,2615.58,Hyperliquid,2023-10-15 05:12:15.932715
21.664,12891.57,22.013,2817.71,Hyperliquid,2023-10-15 05:12:15.932715
21.642,13953.28,22.113,13197.72,Hyperliquid,2023-10-15 05:12:15.932715
21.451,14297.8,22.128,12961.48,Hyperliquid,2023-10-15 05:12:15.932715
21.437,12662.28,22.219,12994.02,Hyperliquid,2023-10-15 05:12:15.932715
18.5,1000.0,22.232,12289.51,Hyperliquid,2023-10-15 05:12:15.932715
17.5,800.0,22.274,51.98,Hyperliquid,2023-10-15 05:12:15.932715
16.5,1000.0,22.4,6155.75,Hyperliquid,2023-10-15 05:12:15.932715
15.555,155.48,22.435,13496.11,Hyperliquid,2023-10-15 05:12:15.932715
10.0,50.0,22.447,13752.57,Hyperliquid,2023-10-15 05:12:15.932715
,,22.65,48.08,Hyperliquid,2023-10-15 05:12:15.932715
21.896,485.14,21.902,499.13,Hyperliquid,2023-10-15 06:17:16.561001
21.894,21.23,21.903,4798.6,Hyperliquid,2023-10-15 06:17:16.561001
21.893,5374.55,21.908,4789.53,Hyperliquid,2023-10-15 06:17:16.561001
21.889,4820.46,21.915,45.66,Hyperliquid,2023-10-15 06:17:16.561001
21.882,45.68,21.919,10.75,Hyperliquid,2023-10-15 06:17:16.561001
21.871,2753.85,21.924,2340.81,Hyperliquid,2023-10-15 06:17:16.561001
21.87,2741.73,21.926,2522.61,Hyperliquid,2023-10-15 06:17:16.561001
21.85,2827.75,21.934,1.09,Hyperliquid,2023-10-15 06:17:16.561001
21.849,2345.62,21.945,2368.44,Hyperliquid,2023-10-15 06:17:16.561001
21.808,2397.78,21.952,2378.25,Hyperliquid,2023-10-15 06:17:16.561001
21.806,2350.91,21.995,5115.91,Hyperliquid,2023-10-15 06:17:16.561001
21.718,12965.7,22.113,13197.72,Hyperliquid,2023-10-15 06:17:16.561001
21.708,11925.04,22.128,12961.48,Hyperliquid,2023-10-15 06:17:16.561001
21.664,12891.57,22.219,12994.02,Hyperliquid,2023-10-15 06:17:16.561001
21.642,13953.28,22.232,12289.51,Hyperliquid,2023-10-15 06:17:16.561001
21.451,14297.8,22.274,51.98,Hyperliquid,2023-10-15 06:17:16.561001
21.437,12662.28,22.4,6155.75,Hyperliquid,2023-10-15 06:17:16.561001
18.5,1000.0,22.435,13496.11,Hyperliquid,2023-10-15 06:17:16.561001
17.5,800.0,22.447,13752.57,Hyperliquid,2023-10-15 06:17:16.561001
16.5,1000.0,22.65,48.08,Hyperliquid,2023-10-15 06:17:16.561001
21.933,516.56,21.94,498.55,Hyperliquid,2023-10-15 07:11:32.255371
21.93,4988.63,21.941,4667.51,Hyperliquid,2023-10-15 07:11:32.255371
21.929,45.58,21.944,4902.74,Hyperliquid,2023-10-15 07:11:32.255371
21.928,5127.13,21.958,10.75,Hyperliquid,2023-10-15 07:11:32.255371
21.921,1.33,21.959,2184.13,Hyperliquid,2023-10-15 07:11:32.255371
21.908,5460.25,21.962,45.58,Hyperliquid,2023-10-15 07:11:32.255371
21.89,4886.8,21.963,2316.1,Hyperliquid,2023-10-15 07:11:32.255371
21.848,4999.63,21.99,5039.24,Hyperliquid,2023-10-15 07:11:32.255371
21.76,11963.06,22.044,2730.03,Hyperliquid,2023-10-15 07:11:32.255371
21.747,13096.39,22.046,2465.16,Hyperliquid,2023-10-15 07:11:32.255371
21.664,12891.57,22.128,12961.48,Hyperliquid,2023-10-15 07:11:32.255371
21.642,13953.28,22.156,13073.34,Hyperliquid,2023-10-15 07:11:32.255371
21.451,14297.8,22.219,12994.02,Hyperliquid,2023-10-15 07:11:32.255371
21.437,12662.28,22.232,12289.51,Hyperliquid,2023-10-15 07:11:32.255371
18.5,1000.0,22.274,51.98,Hyperliquid,2023-10-15 07:11:32.255371
17.5,800.0,22.4,6155.75,Hyperliquid,2023-10-15 07:11:32.255371
16.5,1000.0,22.435,13496.11,Hyperliquid,2023-10-15 07:11:32.255371
15.555,155.48,22.447,13752.57,Hyperliquid,2023-10-15 07:11:32.255371
10.0,50.0,22.65,48.08,Hyperliquid,2023-10-15 07:11:32.255371
,,22.674,49.33,Hyperliquid,2023-10-15 07:11:32.255371
21.887,502.09,21.893,491.53,Hyperliquid,2023-10-15 08:15:45.955235
21.884,5381.98,21.894,1.87,Hyperliquid,2023-10-15 08:15:45.955235
21.882,5334.81,21.896,4415.85,Hyperliquid,2023-10-15 08:15:45.955235
21.878,45.68,21.9,4809.15,Hyperliquid,2023-10-15 08:15:45.955235
21.874,0.84,21.912,10.75,Hyperliquid,2023-10-15 08:15:45.955235
21.865,2504.62,21.915,45.67,Hyperliquid,2023-10-15 08:15:45.955235
21.861,2411.01,21.918,4884.09,Hyperliquid,2023-10-15 08:15:45.955235
21.842,5489.9,21.944,2496.05,Hyperliquid,2023-10-15 08:15:45.955235
21.806,5558.12,21.95,2646.32,Hyperliquid,2023-10-15 08:15:45.955235
21.721,12368.62,22.001,2547.35,Hyperliquid,2023-10-15 08:15:45.955235
21.71,13258.45,22.005,2450.16,Hyperliquid,2023-10-15 08:15:45.955235
21.664,12891.57,22.118,12757.21,Hyperliquid,2023-10-15 08:15:45.955235
21.642,13953.28,22.129,13759.36,Hyperliquid,2023-10-15 08:15:45.955235
21.451,14297.8,22.219,12994.02,Hyperliquid,2023-10-15 08:15:45.955235
21.437,12662.28,22.232,12289.51,Hyperliquid,2023-10-15 08:15:45.955235
18.5,1000.0,22.274,51.98,Hyperliquid,2023-10-15 08:15:45.955235
17.5,800.0,22.4,6155.75,Hyperliquid,2023-10-15 08:15:45.955235
16.5,1000.0,22.435,13496.11,Hyperliquid,2023-10-15 08:15:45.955235
15.555,155.48,22.447,13752.57,Hyperliquid,2023-10-15 08:15:45.955235
10.0,50.0,22.65,48.08,Hyperliquid,2023-10-15 08:15:45.955235
21.992,516.74,21.998,501.42,Hyperliquid,2023-10-15 09:12:12.530976
21.99,5392.09,22.003,4722.26,Hyperliquid,2023-10-15 09:12:12.530976
21.985,4965.1,22.007,4531.4,Hyperliquid,2023-10-15 09:12:12.530976
21.984,45.46,22.011,10.75,Hyperliquid,2023-10-15 09:12:12.530976
21.967,5120.82,22.015,45.46,Hyperliquid,2023-10-15 09:12:12.530976
21.943,2676.7,22.021,0.56,Hyperliquid,2023-10-15 09:12:12.530976
21.942,2738.79,22.023,2260.01,Hyperliquid,2023-10-15 09:12:12.530976
21.9,2491.8,22.024,2508.02,Hyperliquid,2023-10-15 09:12:12.530976
21.886,2544.21,22.04,2510.2,Hyperliquid,2023-10-15 09:12:12.530976
21.798,13612.08,22.051,2500.37,Hyperliquid,2023-10-15 09:12:12.530976
21.786,12615.89,22.082,2344.4,Hyperliquid,2023-10-15 09:12:12.530976
21.72,12831.74,22.099,2349.29,Hyperliquid,2023-10-15 09:12:12.530976
21.697,14068.43,22.166,12029.73,Hyperliquid,2023-10-15 09:12:12.530976
21.543,12634.92,22.172,12811.3,Hyperliquid,2023-10-15 09:12:12.530976
21.528,14481.5,22.274,51.98,Hyperliquid,2023-10-15 09:12:12.530976
18.5,1000.0,22.283,13792.37,Hyperliquid,2023-10-15 09:12:12.530976
17.5,800.0,22.296,13144.26,Hyperliquid,2023-10-15 09:12:12.530976
16.5,1000.0,22.4,6155.75,Hyperliquid,2023-10-15 09:12:12.530976
15.555,155.48,22.435,13496.11,Hyperliquid,2023-10-15 09:12:12.530976
10.0,50.0,22.447,13752.57,Hyperliquid,2023-10-15 09:12:12.530976
21.921,492.21,21.927,238.68,Hyperliquid,2023-10-15 10:13:29.567260
21.919,3.66,21.928,244.57,Hyperliquid,2023-10-15 10:13:29.567260
21.918,5188.15,21.93,2318.56,Hyperliquid,2023-10-15 10:13:29.567260
21.915,2505.27,21.932,2479.13,Hyperliquid,2023-10-15 10:13:29.567260
21.913,2782.78,21.934,2382.68,Hyperliquid,2023-10-15 10:13:29.567260
21.91,45.61,21.935,2413.22,Hyperliquid,2023-10-15 10:13:29.567260
21.895,5019.17,21.94,45.61,Hyperliquid,2023-10-15 10:13:29.567260
21.872,2588.74,21.941,1.59,Hyperliquid,2023-10-15 10:13:29.567260
21.87,2768.69,21.942,10.75,Hyperliquid,2023-10-15 10:13:29.567260
21.835,2374.73,21.95,2496.47,Hyperliquid,2023-10-15 10:13:29.567260
21.815,2711.4,21.954,2275.15,Hyperliquid,2023-10-15 10:13:29.567260
21.759,13671.76,21.976,2519.76,Hyperliquid,2023-10-15 10:13:29.567260
21.744,12522.05,21.978,2527.74,Hyperliquid,2023-10-15 10:13:29.567260
21.665,12179.35,22.034,2595.26,Hyperliquid,2023-10-15 10:13:29.567260
21.639,12591.39,22.038,2436.9,Hyperliquid,2023-10-15 10:13:29.567260
21.528,14481.5,22.127,11610.97,Hyperliquid,2023-10-15 10:13:29.567260
21.453,12598.28,22.132,13656.22,Hyperliquid,2023-10-15 10:13:29.567260
18.5,1000.0,22.222,12966.88,Hyperliquid,2023-10-15 10:13:29.567260
17.5,800.0,22.233,11767.86,Hyperliquid,2023-10-15 10:13:29.567260
16.5,1000.0,22.274,51.98,Hyperliquid,2023-10-15 10:13:29.567260
21.892,247.89,21.899,500.38,Hyperliquid,2023-10-15 11:10:26.364757
21.891,269.43,21.9,2516.84,Hyperliquid,2023-10-15 11:10:26.364757
21.889,2613.33,21.901,2506.27,Hyperliquid,2023-10-15 11:10:26.364757
21.888,2343.99,21.904,2379.95,Hyperliquid,2023-10-15 11:10:26.364757
21.886,2652.95,21.905,2172.27,Hyperliquid,2023-10-15 11:10:26.364757
21.885,2346.15,21.912,10.75,Hyperliquid,2023-10-15 11:10:26.364757
21.884,1.15,21.913,45.65,Hyperliquid,2023-10-15 11:10:26.364757
21.881,45.65,21.919,2285.08,Hyperliquid,2023-10-15 11:10:26.364757
21.869,2414.53,21.923,2580.97,Hyperliquid,2023-10-15 11:10:26.364757
21.865,2766.05,21.945,2488.37,Hyperliquid,2023-10-15 11:10:26.364757
21.853,4836.98,21.948,2579.05,Hyperliquid,2023-10-15 11:10:26.364757
21.81,5421.45,22.016,2734.02,Hyperliquid,2023-10-15 11:10:26.364757
21.741,13199.89,22.017,2617.42,Hyperliquid,2023-10-15 11:10:26.364757
21.719,13076.31,22.127,12321.08,Hyperliquid,2023-10-15 11:10:26.364757
21.665,12179.35,22.132,13363.4,Hyperliquid,2023-10-15 11:10:26.364757
21.637,12602.48,22.222,12966.88,Hyperliquid,2023-10-15 11:10:26.364757
21.528,14481.5,22.233,11767.86,Hyperliquid,2023-10-15 11:10:26.364757
21.453,12598.28,22.274,51.98,Hyperliquid,2023-10-15 11:10:26.364757
18.5,1000.0,22.4,6155.75,Hyperliquid,2023-10-15 11:10:26.364757
17.5,800.0,22.435,13496.11,Hyperliquid,2023-10-15 11:10:26.364757
21.809,511.31,21.814,0.83,Hyperliquid,2023-10-15 12:24:40.013304
21.805,5282.79,21.815,459.6,Hyperliquid,2023-10-15 12:24:40.013304
21.804,5136.16,21.819,4679.33,Hyperliquid,2023-10-15 12:24:40.013304
21.801,45.84,21.822,4858.06,Hyperliquid,2023-10-15 12:24:40.013304
21.788,5436.48,21.835,45.83,Hyperliquid,2023-10-15 12:24:40.013304
21.767,5167.08,21.836,10.75,Hyperliquid,2023-10-15 12:24:40.013304
21.729,5461.47,21.843,4785.01,Hyperliquid,2023-10-15 12:24:40.013304
21.644,13663.3,21.87,5327.75,Hyperliquid,2023-10-15 12:24:40.013304
21.642,13564.0,21.913,2817.78,Hyperliquid,2023-10-15 12:24:40.013304
21.556,13851.4,21.916,2795.68,Hyperliquid,2023-10-15 12:24:40.013304
21.519,12099.9,21.994,13292.31,Hyperliquid,2023-10-15 12:24:40.013304
21.362,14540.22,22.011,11614.1,Hyperliquid,2023-10-15 12:24:40.013304
21.341,13769.58,22.095,12655.47,Hyperliquid,2023-10-15 12:24:40.013304
18.5,1000.0,22.111,12119.74,Hyperliquid,2023-10-15 12:24:40.013304
17.5,800.0,22.274,51.98,Hyperliquid,2023-10-15 12:24:40.013304
16.5,1000.0,22.336,12978.51,Hyperliquid,2023-10-15 12:24:40.013304
15.555,155.48,22.348,12682.88,Hyperliquid,2023-10-15 12:24:40.013304
10.0,50.0,22.4,6155.75,Hyperliquid,2023-10-15 12:24:40.013304
,,22.65,48.08,Hyperliquid,2023-10-15 12:24:40.013304
,,22.674,49.33,Hyperliquid,2023-10-15 12:24:40.013304
21.812,529.53,21.819,500.59,Hyperliquid,2023-10-15 13:14:29.913515
21.808,5249.86,21.821,4981.5,Hyperliquid,2023-10-15 13:14:29.913515
21.806,4877.13,21.827,4886.1,Hyperliquid,2023-10-15 13:14:29.913515
21.791,2672.36,21.833,10.75,Hyperliquid,2023-10-15 13:14:29.913515
21.788,2664.23,21.839,45.83,Hyperliquid,2023-10-15 13:14:29.913515
21.766,5572.26,21.841,2187.45,Hyperliquid,2023-10-15 13:14:29.913515
21.724,5097.46,21.842,2619.96,Hyperliquid,2023-10-15 13:14:29.913515
21.636,12148.84,21.865,2470.13,Hyperliquid,2023-10-15 13:14:29.913515
21.6,12860.06,21.871,2643.08,Hyperliquid,2023-10-15 13:14:29.913515
21.519,12099.9,21.918,2442.33,Hyperliquid,2023-10-15 13:14:29.913515
21.499,14085.98,21.922,2431.41,Hyperliquid,2023-10-15 13:14:29.913515
21.362,14540.22,21.993,12643.12,Hyperliquid,2023-10-15 13:14:29.913515
21.341,13769.58,22.013,12372.53,Hyperliquid,2023-10-15 13:14:29.913515
17.5,800.0,22.095,12655.47,Hyperliquid,2023-10-15 13:14:29.913515
16.5,1000.0,22.112,13845.14,Hyperliquid,2023-10-15 13:14:29.913515
15.555,155.48,22.274,51.98,Hyperliquid,2023-10-15 13:14:29.913515
10.0,50.0,22.336,12978.51,Hyperliquid,2023-10-15 13:14:29.913515
,,22.348,12682.88,Hyperliquid,2023-10-15 13:14:29.913515
,,22.4,6155.75,Hyperliquid,2023-10-15 13:14:29.913515
,,22.65,48.08,Hyperliquid,2023-10-15 13:14:29.913515
21.807,278.59,21.813,487.75,Hyperliquid,2023-10-15 14:11:23.672233
21.806,272.8,21.817,4787.65,Hyperliquid,2023-10-15 14:11:23.672233
21.803,2807.38,21.821,2482.35,Hyperliquid,2023-10-15 14:11:23.672233
21.802,2366.26,21.822,2265.01,Hyperliquid,2023-10-15 14:11:23.672233
21.801,2502.94,21.825,45.86,Hyperliquid,2023-10-15 14:11:23.672233
21.799,2836.28,21.829,10.75,Hyperliquid,2023-10-15 14:11:23.672233
21.798,2544.56,21.835,2578.58,Hyperliquid,2023-10-15 14:11:23.672233
21.794,45.86,21.841,2270.21,Hyperliquid,2023-10-15 14:11:23.672233
21.782,2517.05,21.858,2655.73,Hyperliquid,2023-10-15 14:11:23.672233
21.778,2508.83,21.865,2408.73,Hyperliquid,2023-10-15 14:11:23.672233
21.755,2388.51,21.908,2771.63,Hyperliquid,2023-10-15 14:11:23.672233
21.751,2675.08,21.914,2366.64,Hyperliquid,2023-10-15 14:11:23.672233
21.713,2744.59,21.994,13058.17,Hyperliquid,2023-10-15 14:11:23.672233
21.705,2361.83,22.017,12607.68,Hyperliquid,2023-10-15 14:11:23.672233
21.618,14201.15,22.097,11635.61,Hyperliquid,2023-10-15 14:11:23.672233
21.608,13326.86,22.113,12030.17,Hyperliquid,2023-10-15 14:11:23.672233
21.535,12019.64,22.245,13008.43,Hyperliquid,2023-10-15 14:11:23.672233
21.497,11930.75,22.274,51.98,Hyperliquid,2023-10-15 14:11:23.672233
21.359,12800.2,22.3,12082.92,Hyperliquid,2023-10-15 14:11:23.672233
21.303,11319.96,22.4,6155.75,Hyperliquid,2023-10-15 14:11:23.672233
21.685,270.84,21.693,250.25,Hyperliquid,2023-10-15 15:12:23.380396
21.684,250.29,21.694,236.0,Hyperliquid,2023-10-15 15:12:23.380396
21.681,5224.14,21.698,4909.22,Hyperliquid,2023-10-15 15:12:23.380396
21.677,5228.49,21.702,4712.06,Hyperliquid,2023-10-15 15:12:23.380396
21.676,46.11,21.71,46.11,Hyperliquid,2023-10-15 15:12:23.380396
21.66,2794.42,21.714,2653.73,Hyperliquid,2023-10-15 15:12:23.380396
21.657,2680.45,21.716,10.75,Hyperliquid,2023-10-15 15:12:23.380396
21.638,2610.02,21.719,2650.52,Hyperliquid,2023-10-15 15:12:23.380396
21.635,2879.81,21.736,2808.54,Hyperliquid,2023-10-15 15:12:23.380396
21.584,2682.46,21.745,2535.82,Hyperliquid,2023-10-15 15:12:23.380396
21.58,2252.76,21.782,5085.76,Hyperliquid,2023-10-15 15:12:23.380396
21.494,13460.5,21.871,13288.19,Hyperliquid,2023-10-15 15:12:23.380396
21.49,12616.28,21.874,13001.49,Hyperliquid,2023-10-15 15:12:23.380396
21.404,12091.09,22.014,11080.39,Hyperliquid,2023-10-15 15:12:23.380396
21.4,11590.58,22.018,12158.66,Hyperliquid,2023-10-15 15:12:23.380396
21.227,11550.45,22.216,12629.24,Hyperliquid,2023-10-15 15:12:23.380396
21.224,12877.37,22.22,12731.21,Hyperliquid,2023-10-15 15:12:23.380396
17.5,800.0,22.274,51.98,Hyperliquid,2023-10-15 15:12:23.380396
16.5,1000.0,22.4,6155.75,Hyperliquid,2023-10-15 15:12:23.380396
15.555,155.48,22.65,48.08,Hyperliquid,2023-10-15 15:12:23.380396
21.726,260.74,21.731,260.85,Hyperliquid,2023-10-15 16:16:01.911951
21.725,284.77,21.733,231.92,Hyperliquid,2023-10-15 16:16:01.911951
21.723,2804.14,21.734,2648.9,Hyperliquid,2023-10-15 16:16:01.911951
21.721,2696.54,21.737,2249.27,Hyperliquid,2023-10-15 16:16:01.911951
21.72,2608.85,21.738,2223.23,Hyperliquid,2023-10-15 16:16:01.911951
21.719,2541.23,21.741,2441.84,Hyperliquid,2023-10-15 16:16:01.911951
21.711,46.02,21.746,46.01,Hyperliquid,2023-10-15 16:16:01.911951
21.703,2365.28,21.75,10.75,Hyperliquid,2023-10-15 16:16:01.911951
21.701,2393.87,21.756,2270.46,Hyperliquid,2023-10-15 16:16:01.911951
21.678,2853.03,21.758,2409.06,Hyperliquid,2023-10-15 16:16:01.911951
21.673,2634.05,21.773,2516.27,Hyperliquid,2023-10-15 16:16:01.911951
21.647,2879.59,21.776,2716.8,Hyperliquid,2023-10-15 16:16:01.911951
21.641,2455.58,21.831,2817.0,Hyperliquid,2023-10-15 16:16:01.911951
21.531,11895.92,21.836,2563.73,Hyperliquid,2023-10-15 16:16:01.911951
21.527,12780.13,21.915,12162.05,Hyperliquid,2023-10-15 16:16:01.911951
21.458,11973.3,21.92,12776.95,Hyperliquid,2023-10-15 16:16:01.911951
21.457,12147.9,22.015,13430.99,Hyperliquid,2023-10-15 16:16:01.911951
21.319,12362.93,22.02,12409.65,Hyperliquid,2023-10-15 16:16:01.911951
21.314,13327.16,22.216,12629.24,Hyperliquid,2023-10-15 16:16:01.911951
17.5,800.0,22.22,12731.21,Hyperliquid,2023-10-15 16:16:01.911951
21.801,248.16,21.806,231.43,Hyperliquid,2023-10-15 17:11:57.714247
21.799,276.11,21.808,233.02,Hyperliquid,2023-10-15 17:11:57.714247
21.797,2763.43,21.809,2318.49,Hyperliquid,2023-10-15 17:11:57.714247
21.795,2438.4,21.811,2410.21,Hyperliquid,2023-10-15 17:11:57.714247
21.794,2633.03,21.815,4824.99,Hyperliquid,2023-10-15 17:11:57.714247
21.792,2771.87,21.823,10.75,Hyperliquid,2023-10-15 17:11:57.714247
21.78,2493.59,21.83,45.85,Hyperliquid,2023-10-15 17:11:57.714247
21.775,2757.76,21.837,2474.2,Hyperliquid,2023-10-15 17:11:57.714247
21.753,2785.17,21.838,2206.82,Hyperliquid,2023-10-15 17:11:57.714247
21.752,2517.13,21.855,2792.81,Hyperliquid,2023-10-15 17:11:57.714247
21.711,2856.59,21.858,2451.22,Hyperliquid,2023-10-15 17:11:57.714247
21.699,2421.87,21.902,2602.68,Hyperliquid,2023-10-15 17:11:57.714247
21.605,13937.93,21.908,2642.84,Hyperliquid,2023-10-15 17:11:57.714247
21.6,11876.56,22.002,12719.34,Hyperliquid,2023-10-15 17:11:57.714247
21.513,13096.19,22.006,13426.04,Hyperliquid,2023-10-15 17:11:57.714247
21.512,14026.5,22.078,14030.61,Hyperliquid,2023-10-15 17:11:57.714247
21.319,12362.93,22.084,13413.07,Hyperliquid,2023-10-15 17:11:57.714247
21.314,13327.16,22.22,12731.21,Hyperliquid,2023-10-15 17:11:57.714247
17.5,800.0,22.274,51.98,Hyperliquid,2023-10-15 17:11:57.714247
16.5,1000.0,22.319,12000.39,Hyperliquid,2023-10-15 17:11:57.714247
21.875,533.62,21.882,8.0,Hyperliquid,2023-10-15 18:16:40.391930
21.872,5120.67,21.883,488.01,Hyperliquid,2023-10-15 18:16:40.391930
21.869,2545.41,21.887,2187.31,Hyperliquid,2023-10-15 18:16:40.391930
21.868,2424.97,21.888,5121.75,Hyperliquid,2023-10-15 18:16:40.391930
21.867,45.7,21.889,2327.86,Hyperliquid,2023-10-15 18:16:40.391930
21.854,2838.8,21.894,45.71,Hyperliquid,2023-10-15 18:16:40.391930
21.849,2614.43,21.902,10.75,Hyperliquid,2023-10-15 18:16:40.391930
21.827,5439.56,21.907,2332.81,Hyperliquid,2023-10-15 18:16:40.391930
21.794,2619.83,21.908,2409.29,Hyperliquid,2023-10-15 18:16:40.391930
21.788,2836.96,21.929,5234.18,Hyperliquid,2023-10-15 18:16:40.391930
21.72,12513.75,21.986,4929.41,Hyperliquid,2023-10-15 18:16:40.391930
21.7,13092.43,22.101,13369.16,Hyperliquid,2023-10-15 18:16:40.391930
21.626,11933.35,22.117,12540.8,Hyperliquid,2023-10-15 18:16:40.391930
21.611,13706.22,22.206,11833.64,Hyperliquid,2023-10-15 18:16:40.391930
21.467,13081.75,22.238,12456.45,Hyperliquid,2023-10-15 18:16:40.391930
21.405,13619.38,22.274,51.98,Hyperliquid,2023-10-15 18:16:40.391930
17.5,800.0,22.378,12174.53,Hyperliquid,2023-10-15 18:16:40.391930
16.5,1000.0,22.4,6155.75,Hyperliquid,2023-10-15 18:16:40.391930
15.555,155.48,22.424,12671.77,Hyperliquid,2023-10-15 18:16:40.391930
10.0,50.0,22.65,48.08,Hyperliquid,2023-10-15 18:16:40.391930
21.961,520.57,21.967,475.1,Hyperliquid,2023-10-15 19:10:18.479600
21.957,5140.21,21.97,4971.1,Hyperliquid,2023-10-15 19:10:18.479600
21.955,5507.32,21.976,4484.11,Hyperliquid,2023-10-15 19:10:18.479600
21.951,45.53,21.982,10.75,Hyperliquid,2023-10-15 19:10:18.479600
21.94,2797.41,21.989,45.52,Hyperliquid,2023-10-15 19:10:18.479600
21.936,2651.8,21.996,4754.79,Hyperliquid,2023-10-15 19:10:18.479600
21.908,5016.99,22.012,2795.08,Hyperliquid,2023-10-15 19:10:18.479600
21.876,2342.4,22.017,2735.64,Hyperliquid,2023-10-15 19:10:18.479600
21.863,2548.9,22.083,5064.1,Hyperliquid,2023-10-15 19:10:18.479600
21.852,37.0,22.163,13898.49,Hyperliquid,2023-10-15 19:10:18.479600
21.824,42.0,22.19,13955.26,Hyperliquid,2023-10-15 19:10:18.479600
21.796,60.0,22.241,12451.54,Hyperliquid,2023-10-15 19:10:18.479600
21.795,13996.19,22.274,51.98,Hyperliquid,2023-10-15 19:10:18.479600
21.772,13475.61,22.276,13173.42,Hyperliquid,2023-10-15 19:10:18.479600
21.767,80.0,22.4,6155.75,Hyperliquid,2023-10-15 19:10:18.479600
21.739,80.0,22.424,12671.77,Hyperliquid,2023-10-15 19:10:18.479600
21.711,80.0,22.485,12960.83,Hyperliquid,2023-10-15 19:10:18.479600
21.681,12445.48,22.65,48.08,Hyperliquid,2023-10-15 19:10:18.479600
21.667,14331.45,22.674,49.33,Hyperliquid,2023-10-15 19:10:18.479600
21.496,14255.13,22.698,50.59,Hyperliquid,2023-10-15 19:10:18.479600
21.852,34.21,21.853,252.26,Hyperliquid,2023-10-15 20:13:27.251334
21.847,554.56,21.854,235.72,Hyperliquid,2023-10-15 20:13:27.251334
21.845,5320.63,21.857,4780.12,Hyperliquid,2023-10-15 20:13:27.251334
21.843,2589.11,21.861,5028.71,Hyperliquid,2023-10-15 20:13:27.251334
21.841,2831.44,21.874,10.75,Hyperliquid,2023-10-15 20:13:27.251334
21.839,45.76,21.875,45.75,Hyperliquid,2023-10-15 20:13:27.251334
21.827,5508.15,21.879,2290.05,Hyperliquid,2023-10-15 20:13:27.251334
21.824,42.0,21.882,2451.04,Hyperliquid,2023-10-15 20:13:27.251334
21.812,2368.81,21.91,5278.13,Hyperliquid,2023-10-15 20:13:27.251334
21.81,2438.19,21.953,5400.02,Hyperliquid,2023-10-15 20:13:27.251334
21.796,60.0,22.061,12277.1,Hyperliquid,2023-10-15 20:13:27.251334
21.767,80.0,22.078,12893.82,Hyperliquid,2023-10-15 20:13:27.251334
21.763,5289.92,22.153,12872.41,Hyperliquid,2023-10-15 20:13:27.251334
21.739,80.0,22.178,12590.38,Hyperliquid,2023-10-15 20:13:27.251334
21.711,80.0,22.274,51.98,Hyperliquid,2023-10-15 20:13:27.251334
21.698,12477.85,22.383,11628.94,Hyperliquid,2023-10-15 20:13:27.251334
21.677,13283.43,22.4,6155.75,Hyperliquid,2023-10-15 20:13:27.251334
21.625,12085.37,22.424,12671.77,Hyperliquid,2023-10-15 20:13:27.251334
21.61,12499.09,22.65,48.08,Hyperliquid,2023-10-15 20:13:27.251334
21.496,14255.13,22.674,49.33,Hyperliquid,2023-10-15 20:13:27.251334
21.966,38.4,21.973,478.53,Hyperliquid,2023-10-15 21:11:19.348663
21.963,512.09,21.975,2977.53,Hyperliquid,2023-10-15 21:11:19.348663
21.962,2811.13,21.976,2194.54,Hyperliquid,2023-10-15 21:11:19.348663
21.961,2570.15,21.978,2584.03,Hyperliquid,2023-10-15 21:11:19.348663
21.959,2445.82,21.981,4781.62,Hyperliquid,2023-10-15 21:11:19.348663
21.957,5045.45,21.985,45.51,Hyperliquid,2023-10-15 21:11:19.348663
21.941,2442.18,21.992,10.75,Hyperliquid,2023-10-15 21:11:19.348663
21.937,2450.65,21.999,4936.72,Hyperliquid,2023-10-15 21:11:19.348663
21.919,2337.28,22.023,2716.76,Hyperliquid,2023-10-15 21:11:19.348663
21.91,2500.67,22.029,2722.09,Hyperliquid,2023-10-15 21:11:19.348663
21.878,2385.13,22.086,5100.69,Hyperliquid,2023-10-15 21:11:19.348663
21.866,2703.7,22.184,12783.32,Hyperliquid,2023-10-15 21:11:19.348663
21.824,42.0,22.206,13667.48,Hyperliquid,2023-10-15 21:11:19.348663
21.796,60.0,22.274,51.98,Hyperliquid,2023-10-15 21:11:19.348663
21.794,26987.6,22.316,13093.69,Hyperliquid,2023-10-15 21:11:19.348663
21.767,80.0,22.317,12227.11,Hyperliquid,2023-10-15 21:11:19.348663
21.741,11954.45,22.4,6155.75,Hyperliquid,2023-10-15 21:11:19.348663
21.739,80.0,22.498,12295.73,Hyperliquid,2023-10-15 21:11:19.348663
21.723,12905.24,22.544,13174.96,Hyperliquid,2023-10-15 21:11:19.348663
21.711,80.0,22.65,48.08,Hyperliquid,2023-10-15 21:11:19.348663
22.004,45.44,22.011,20.35,Hyperliquid,2023-10-15 22:12:12.065223
22.003,15.87,22.013,214.22,Hyperliquid,2023-10-15 22:12:12.065223
22.002,505.0,22.014,246.15,Hyperliquid,2023-10-15 22:12:12.065223
21.999,496.14,22.015,4421.21,Hyperliquid,2023-10-15 22:12:12.065223
21.998,497.3,22.02,4511.33,Hyperliquid,2023-10-15 22:12:12.065223
21.997,2260.84,22.023,4407.71,Hyperliquid,2023-10-15 22:12:12.065223
21.996,487.86,22.037,56.17,Hyperliquid,2023-10-15 22:12:12.065223
21.995,2685.14,22.043,2302.3,Hyperliquid,2023-10-15 22:12:12.065223
21.992,6954.04,22.045,2424.32,Hyperliquid,2023-10-15 22:12:12.065223
21.991,4821.14,22.073,2567.8,Hyperliquid,2023-10-15 22:12:12.065223
21.987,2619.52,22.082,2243.9,Hyperliquid,2023-10-15 22:12:12.065223
21.986,2612.76,22.126,5318.3,Hyperliquid,2023-10-15 22:12:12.065223
21.973,2456.4,22.228,23059.45,Hyperliquid,2023-10-15 22:12:12.065223
21.97,2383.96,22.274,51.98,Hyperliquid,2023-10-15 22:12:12.065223
21.949,2359.21,22.318,13122.94,Hyperliquid,2023-10-15 22:12:12.065223
21.938,2077.78,22.323,13264.94,Hyperliquid,2023-10-15 22:12:12.065223
21.898,5415.76,22.4,6155.75,Hyperliquid,2023-10-15 22:12:12.065223
21.824,42.0,22.545,11581.22,Hyperliquid,2023-10-15 22:12:12.065223
21.796,60.0,22.603,12502.72,Hyperliquid,2023-10-15 22:12:12.065223
21.786,18992.56,22.65,48.08,Hyperliquid,2023-10-15 22:12:12.065223
21.867,519.85,21.875,509.47,Hyperliquid,2023-10-15 23:13:13.982805
21.864,5236.15,21.878,468.87,Hyperliquid,2023-10-15 23:13:13.982805
21.863,5443.92,21.879,4580.52,Hyperliquid,2023-10-15 23:13:13.982805
21.859,5286.38,21.88,465.02,Hyperliquid,2023-10-15 23:13:13.982805
21.854,2770.74,21.882,4942.76,Hyperliquid,2023-10-15 23:13:13.982805
21.849,2631.55,21.883,503.54,Hyperliquid,2023-10-15 23:13:13.982805
21.847,2585.72,21.884,4762.24,Hyperliquid,2023-10-15 23:13:13.982805
21.842,2459.37,21.886,4607.98,Hyperliquid,2023-10-15 23:13:13.982805
21.83,2744.68,21.888,4778.02,Hyperliquid,2023-10-15 23:13:13.982805
21.828,2622.77,21.889,5084.84,Hyperliquid,2023-10-15 23:13:13.982805
21.824,41.19,21.892,4521.73,Hyperliquid,2023-10-15 23:13:13.982805
21.796,60.0,21.901,45.7,Hyperliquid,2023-10-15 23:13:13.982805
21.775,5274.43,21.903,2574.44,Hyperliquid,2023-10-15 23:13:13.982805
21.767,80.0,21.904,2422.22,Hyperliquid,2023-10-15 23:13:13.982805
21.739,80.0,21.91,2598.58,Hyperliquid,2023-10-15 23:13:13.982805
21.711,80.0,21.911,2361.29,Hyperliquid,2023-10-15 23:13:13.982805
21.667,26556.02,21.933,2740.87,Hyperliquid,2023-10-15 23:13:13.982805
21.605,13206.8,21.935,2825.22,Hyperliquid,2023-10-15 23:13:13.982805
21.563,12804.95,21.984,5411.33,Hyperliquid,2023-10-15 23:13:13.982805
21.403,13564.24,22.055,26075.4,Hyperliquid,2023-10-15 23:13:13.982805
21.986,492.93,21.992,9.13,Hyperliquid,2023-10-16 01:01:41.798849
21.983,5016.0,21.993,492.56,Hyperliquid,2023-10-16 01:01:41.798849
21.98,2717.85,21.997,4531.11,Hyperliquid,2023-10-16 01:01:41.798849
21.979,2821.25,22.001,4717.47,Hyperliquid,2023-10-16 01:01:41.798849
21.977,45.46,22.007,10.75,Hyperliquid,2023-10-16 01:01:41.798849
21.967,5545.63,22.017,45.44,Hyperliquid,2023-10-16 01:01:41.798849
21.947,2681.98,22.02,4740.69,Hyperliquid,2023-10-16 01:01:41.798849
21.946,2470.93,22.054,2825.38,Hyperliquid,2023-10-16 01:01:41.798849
21.907,2333.07,22.055,2365.24,Hyperliquid,2023-10-16 01:01:41.798849
21.895,2812.18,22.104,2722.6,Hyperliquid,2023-10-16 01:01:41.798849
21.824,41.19,22.113,2398.43,Hyperliquid,2023-10-16 01:01:41.798849
21.817,14227.69,22.193,12930.87,Hyperliquid,2023-10-16 01:01:41.798849
21.812,13211.05,22.203,11505.6,Hyperliquid,2023-10-16 01:01:41.798849
21.796,60.0,22.264,25080.2,Hyperliquid,2023-10-16 01:01:41.798849
21.767,80.0,22.274,51.98,Hyperliquid,2023-10-16 01:01:41.798849
21.739,80.0,22.4,6155.75,Hyperliquid,2023-10-16 01:01:41.798849
21.728,12363.84,22.443,11766.24,Hyperliquid,2023-10-16 01:01:41.798849
21.719,13824.18,22.497,13596.09,Hyperliquid,2023-10-16 01:01:41.798849
21.711,80.0,22.65,48.08,Hyperliquid,2023-10-16 01:01:41.798849
21.554,12291.31,22.674,49.33,Hyperliquid,2023-10-16 01:01:41.798849
22.2,524.32,22.207,224.73,Hyperliquid,2023-10-16 02:22:50.825084
22.197,2488.64,22.208,228.08,Hyperliquid,2023-10-16 02:22:50.825084
22.196,2450.85,22.21,237.96,Hyperliquid,2023-10-16 02:22:50.825084
22.193,5294.95,22.211,4759.38,Hyperliquid,2023-10-16 02:22:50.825084
22.184,11.8,22.213,4373.25,Hyperliquid,2023-10-16 02:22:50.825084
22.177,4980.94,22.214,2400.56,Hyperliquid,2023-10-16 02:22:50.825084
22.171,5070.52,22.217,2539.93,Hyperliquid,2023-10-16 02:22:50.825084
22.148,5402.09,22.218,10.75,Hyperliquid,2023-10-16 02:22:50.825084
22.118,2514.25,22.227,45.02,Hyperliquid,2023-10-16 02:22:50.825084
22.117,2541.2,22.229,2469.03,Hyperliquid,2023-10-16 02:22:50.825084
22.009,13751.63,22.232,2460.82,Hyperliquid,2023-10-16 02:22:50.825084
22.005,12374.92,22.237,2419.83,Hyperliquid,2023-10-16 02:22:50.825084
21.942,13924.02,22.255,2352.29,Hyperliquid,2023-10-16 02:22:50.825084
21.895,13467.43,22.258,2467.09,Hyperliquid,2023-10-16 02:22:50.825084
21.824,41.19,22.274,51.98,Hyperliquid,2023-10-16 02:22:50.825084
21.796,60.0,22.321,5080.4,Hyperliquid,2023-10-16 02:22:50.825084
21.767,80.0,22.4,6155.75,Hyperliquid,2023-10-16 02:22:50.825084
21.739,80.0,22.426,12993.19,Hyperliquid,2023-10-16 02:22:50.825084
21.735,11982.19,22.431,12771.56,Hyperliquid,2023-10-16 02:22:50.825084
21.711,80.0,22.525,26443.09,Hyperliquid,2023-10-16 02:22:50.825084
22.036,6.21,22.042,480.97,Hyperliquid,2023-10-16 03:14:35.451309
22.035,251.05,22.045,4672.44,Hyperliquid,2023-10-16 03:14:35.451309
22.033,2810.21,22.048,11.8,Hyperliquid,2023-10-16 03:14:35.451309
22.031,2561.86,22.049,4716.22,Hyperliquid,2023-10-16 03:14:35.451309
22.03,2806.58,22.056,10.75,Hyperliquid,2023-10-16 03:14:35.451309
22.028,2449.02,22.064,45.36,Hyperliquid,2023-10-16 03:14:35.451309
22.024,45.36,22.066,4832.21,Hyperliquid,2023-10-16 03:14:35.451309
22.022,11.8,22.101,2548.26,Hyperliquid,2023-10-16 03:14:35.451309
22.012,5222.18,22.102,2479.2,Hyperliquid,2023-10-16 03:14:35.451309
21.995,4935.51,22.141,2729.87,Hyperliquid,2023-10-16 03:14:35.451309
21.951,2367.76,22.15,2386.14,Hyperliquid,2023-10-16 03:14:35.451309
21.95,2639.4,22.245,13581.03,Hyperliquid,2023-10-16 03:14:35.451309
21.854,14225.83,22.257,13842.57,Hyperliquid,2023-10-16 03:14:35.451309
21.849,12177.45,22.274,51.98,Hyperliquid,2023-10-16 03:14:35.451309
21.824,41.19,22.39,13079.2,Hyperliquid,2023-10-16 03:14:35.451309
21.796,60.0,22.391,11467.09,Hyperliquid,2023-10-16 03:14:35.451309
21.779,12514.19,22.4,6155.75,Hyperliquid,2023-10-16 03:14:35.451309
21.773,13472.38,22.557,12550.35,Hyperliquid,2023-10-16 03:14:35.451309
21.767,80.0,22.609,11690.74,Hyperliquid,2023-10-16 03:14:35.451309
21.739,80.0,22.65,48.08,Hyperliquid,2023-10-16 03:14:35.451309
22.107,530.07,22.112,8.27,Hyperliquid,2023-10-16 04:16:36.118682
22.105,5149.22,22.114,474.46,Hyperliquid,2023-10-16 04:16:36.118682
22.102,4705.93,22.118,4837.81,Hyperliquid,2023-10-16 04:16:36.118682
22.101,11.8,22.121,4764.8,Hyperliquid,2023-10-16 04:16:36.118682
22.098,45.22,22.127,11.8,Hyperliquid,2023-10-16 04:16:36.118682
22.09,5167.91,22.129,45.21,Hyperliquid,2023-10-16 04:16:36.118682
22.071,2664.58,22.135,10.75,Hyperliquid,2023-10-16 04:16:36.118682
22.07,2534.46,22.139,2313.6,Hyperliquid,2023-10-16 04:16:36.118682
22.036,2574.87,22.143,2180.5,Hyperliquid,2023-10-16 04:16:36.118682
22.029,2632.32,22.167,2449.86,Hyperliquid,2023-10-16 04:16:36.118682
21.928,12153.25,22.169,2397.69,Hyperliquid,2023-10-16 04:16:36.118682
21.927,13940.65,22.217,2691.79,Hyperliquid,2023-10-16 04:16:36.118682
21.838,13707.71,22.223,2660.19,Hyperliquid,2023-10-16 04:16:36.118682
21.829,13154.11,22.274,51.98,Hyperliquid,2023-10-16 04:16:36.118682
21.824,41.19,22.333,13689.59,Hyperliquid,2023-10-16 04:16:36.118682
21.796,60.0,22.352,13422.79,Hyperliquid,2023-10-16 04:16:36.118682
21.767,80.0,22.4,6155.75,Hyperliquid,2023-10-16 04:16:36.118682
21.739,80.0,22.457,25694.74,Hyperliquid,2023-10-16 04:16:36.118682
21.711,80.0,22.557,12550.35,Hyperliquid,2023-10-16 04:16:36.118682
21.68,13382.92,22.609,11690.74,Hyperliquid,2023-10-16 04:16:36.118682
