bid_price,bid_size,ask_price,ask_size,protocol_name,timestamp
21.878,534.17,21.885,468.59,Hyperliquid,2023-10-14 12:24:06.410482
21.874,5113.71,21.886,19.43,Hyperliquid,2023-10-14 12:24:06.410482
21.873,0.51,21.888,4658.56,Hyperliquid,2023-10-14 12:24:06.410482
21.871,5068.94,21.892,4708.82,Hyperliquid,2023-10-14 12:24:06.410482
21.865,67.18,21.897,21.5,Hyperliquid,2023-10-14 12:24:06.410482
21.859,5185.7,21.899,45.68,Hyperliquid,2023-10-14 12:24:06.410482
21.837,5165.04,21.911,2216.93,Hyperliquid,2023-10-14 12:24:06.410482
21.797,2355.75,21.915,2379.92,Hyperliquid,2023-10-14 12:24:06.410482
21.791,2840.3,21.938,5138.6,Hyperliquid,2023-10-14 12:24:06.410482
21.71,28547.09,21.991,5487.0,Hyperliquid,2023-10-14 12:24:06.410482
21.633,13053.39,22.128,25845.0,Hyperliquid,2023-10-14 12:24:06.410482
21.624,13512.51,22.231,13842.86,Hyperliquid,2023-10-14 12:24:06.410482
21.495,13055.24,22.246,12552.7,Hyperliquid,2023-10-14 12:24:06.410482
21.481,12055.7,22.4,6155.75,Hyperliquid,2023-10-14 12:24:06.410482
18.5,1000.0,22.496,11476.22,Hyperliquid,2023-10-14 12:24:06.410482
17.5,800.0,22.507,13167.23,Hyperliquid,2023-10-14 12:24:06.410482
16.5,1000.0,22.65,48.08,Hyperliquid,2023-10-14 12:24:06.410482
15.555,155.48,22.674,49.33,Hyperliquid,2023-10-14 12:24:06.410482
10.0,50.0,22.698,50.59,Hyperliquid,2023-10-14 12:24:06.410482
,,22.722,51.84,Hyperliquid,2023-10-14 12:24:06.410482
21.889,512.44,21.895,488.54,Hyperliquid,2023-10-14 13:14:28.847473
21.885,5350.69,21.898,2231.66,Hyperliquid,2023-10-14 13:14:28.847473
21.883,5241.84,21.899,2545.54,Hyperliquid,2023-10-14 13:14:28.847473
21.882,45.68,21.901,1.81,Hyperliquid,2023-10-14 13:14:28.847473
21.873,21.5,21.902,4822.26,Hyperliquid,2023-10-14 13:14:28.847473
21.864,5121.37,21.905,21.5,Hyperliquid,2023-10-14 13:14:28.847473
21.845,5422.62,21.912,45.68,Hyperliquid,2023-10-14 13:14:28.847473
21.794,2641.06,21.918,2115.98,Hyperliquid,2023-10-14 13:14:28.847473
21.785,2342.83,21.919,2251.0,Hyperliquid,2023-10-14 13:14:28.847473
21.707,27452.79,21.938,2634.91,Hyperliquid,2023-10-14 13:14:28.847473
21.632,12963.21,21.94,2483.23,Hyperliquid,2023-10-14 13:14:28.847473
21.624,13512.51,21.994,5059.15,Hyperliquid,2023-10-14 13:14:28.847473
21.481,12055.7,22.082,13901.05,Hyperliquid,2023-10-14 13:14:28.847473
21.404,14443.21,22.125,12215.71,Hyperliquid,2023-10-14 13:14:28.847473
18.5,1000.0,22.231,13821.44,Hyperliquid,2023-10-14 13:14:28.847473
17.5,800.0,22.246,11819.82,Hyperliquid,2023-10-14 13:14:28.847473
16.5,1000.0,22.385,12015.25,Hyperliquid,2023-10-14 13:14:28.847473
15.555,155.48,22.4,6155.75,Hyperliquid,2023-10-14 13:14:28.847473
10.0,50.0,22.401,13047.47,Hyperliquid,2023-10-14 13:14:28.847473
,,22.65,48.08,Hyperliquid,2023-10-14 13:14:28.847473
21.97,504.1,21.976,236.65,Hyperliquid,2023-10-14 14:11:08.603251
21.969,17.62,21.977,232.21,Hyperliquid,2023-10-14 14:11:08.603251
21.968,2481.52,21.979,4327.76,Hyperliquid,2023-10-14 14:11:08.603251
21.967,2709.64,21.981,0.5,Hyperliquid,2023-10-14 14:11:08.603251
21.964,2504.71,21.982,4930.36,Hyperliquid,2023-10-14 14:11:08.603251
21.963,2635.7,21.985,10.75,Hyperliquid,2023-10-14 14:11:08.603251
21.959,45.49,21.986,10.75,Hyperliquid,2023-10-14 14:11:08.603251
21.953,21.5,22.0,45.5,Hyperliquid,2023-10-14 14:11:08.603251
21.949,2713.49,22.003,4510.4,Hyperliquid,2023-10-14 14:11:08.603251
21.948,2814.02,22.032,2736.54,Hyperliquid,2023-10-14 14:11:08.603251
21.928,5087.91,22.038,2398.16,Hyperliquid,2023-10-14 14:11:08.603251
21.884,5134.66,22.089,5122.54,Hyperliquid,2023-10-14 14:11:08.603251
21.778,25567.3,22.171,12887.2,Hyperliquid,2023-10-14 14:11:08.603251
21.688,14009.59,22.173,11529.07,Hyperliquid,2023-10-14 14:11:08.603251
21.679,13983.57,22.246,11819.82,Hyperliquid,2023-10-14 14:11:08.603251
21.496,13269.84,22.298,11671.16,Hyperliquid,2023-10-14 14:11:08.603251
21.481,12055.7,22.4,6155.75,Hyperliquid,2023-10-14 14:11:08.603251
18.5,1000.0,22.508,11455.31,Hyperliquid,2023-10-14 14:11:08.603251
17.5,800.0,22.509,11598.41,Hyperliquid,2023-10-14 14:11:08.603251
16.5,1000.0,22.65,48.08,Hyperliquid,2023-10-14 14:11:08.603251
21.923,24.03,21.929,434.17,Hyperliquid,2023-10-14 15:12:23.724557
21.922,273.43,21.933,4524.22,Hyperliquid,2023-10-14 15:12:23.724557
21.921,243.95,21.937,4974.53,Hyperliquid,2023-10-14 15:12:23.724557
21.92,2669.36,21.939,1.3,Hyperliquid,2023-10-14 15:12:23.724557
21.919,2711.92,21.943,21.5,Hyperliquid,2023-10-14 15:12:23.724557
21.918,5368.8,21.955,45.59,Hyperliquid,2023-10-14 15:12:23.724557
21.915,45.6,21.957,2491.99,Hyperliquid,2023-10-14 15:12:23.724557
21.911,21.5,21.959,2192.63,Hyperliquid,2023-10-14 15:12:23.724557
21.9,4896.2,21.985,5269.83,Hyperliquid,2023-10-14 15:12:23.724557
21.887,2811.63,22.028,2518.18,Hyperliquid,2023-10-14 15:12:23.724557
21.881,2741.21,22.04,2734.9,Hyperliquid,2023-10-14 15:12:23.724557
21.839,2488.66,22.127,13904.11,Hyperliquid,2023-10-14 15:12:23.724557
21.837,2519.39,22.147,11052.11,Hyperliquid,2023-10-14 15:12:23.724557
21.749,13886.34,22.232,13562.81,Hyperliquid,2023-10-14 15:12:23.724557
21.736,13444.43,22.256,11904.38,Hyperliquid,2023-10-14 15:12:23.724557
21.679,12757.84,22.4,6155.75,Hyperliquid,2023-10-14 15:12:23.724557
21.621,12305.03,22.468,12256.24,Hyperliquid,2023-10-14 15:12:23.724557
21.48,13723.13,22.508,11455.31,Hyperliquid,2023-10-14 15:12:23.724557
21.442,12347.3,22.65,48.08,Hyperliquid,2023-10-14 15:12:23.724557
18.5,1000.0,22.674,49.33,Hyperliquid,2023-10-14 15:12:23.724557
22.044,28.44,22.051,234.43,Hyperliquid,2023-10-14 16:15:54.137332
22.043,5874.51,22.052,232.12,Hyperliquid,2023-10-14 16:15:54.137332
22.04,10421.17,22.056,4397.27,Hyperliquid,2023-10-14 16:15:54.137332
22.036,10.75,22.061,4541.95,Hyperliquid,2023-10-14 16:15:54.137332
22.035,10.75,22.065,0.54,Hyperliquid,2023-10-14 16:15:54.137332
22.03,45.35,22.068,21.5,Hyperliquid,2023-10-14 16:15:54.137332
22.023,5366.22,22.078,2061.27,Hyperliquid,2023-10-14 16:15:54.137332
22.001,2747.56,22.081,2241.48,Hyperliquid,2023-10-14 16:15:54.137332
21.999,2659.12,22.085,2480.44,Hyperliquid,2023-10-14 16:15:54.137332
21.966,2747.87,22.106,2374.75,Hyperliquid,2023-10-14 16:15:54.137332
21.965,2639.0,22.109,2399.78,Hyperliquid,2023-10-14 16:15:54.137332
21.857,13591.06,22.164,2572.73,Hyperliquid,2023-10-14 16:15:54.137332
21.856,13427.42,22.167,2357.61,Hyperliquid,2023-10-14 16:15:54.137332
21.788,28443.77,22.264,12343.81,Hyperliquid,2023-10-14 16:15:54.137332
21.625,11903.78,22.282,12972.61,Hyperliquid,2023-10-14 16:15:54.137332
21.57,14333.01,22.366,12916.9,Hyperliquid,2023-10-14 16:15:54.137332
18.5,1000.0,22.392,11968.88,Hyperliquid,2023-10-14 16:15:54.137332
17.5,800.0,22.4,6155.75,Hyperliquid,2023-10-14 16:15:54.137332
16.5,1000.0,22.577,13360.0,Hyperliquid,2023-10-14 16:15:54.137332
15.555,155.48,22.617,11899.26,Hyperliquid,2023-10-14 16:15:54.137332
22.042,264.53,22.048,449.77,Hyperliquid,2023-10-14 17:10:57.778615
22.041,254.09,22.051,4311.75,Hyperliquid,2023-10-14 17:10:57.778615
22.04,4895.84,22.054,2057.12,Hyperliquid,2023-10-14 17:10:57.778615
22.035,4964.75,22.055,21.5,Hyperliquid,2023-10-14 17:10:57.778615
22.023,21.5,22.057,2320.1,Hyperliquid,2023-10-14 17:10:57.778615
22.018,2472.92,22.069,45.36,Hyperliquid,2023-10-14 17:10:57.778615
22.017,2532.4,22.074,2051.93,Hyperliquid,2023-10-14 17:10:57.778615
21.993,5507.91,22.076,2103.57,Hyperliquid,2023-10-14 17:10:57.778615
21.964,2748.72,22.102,2520.44,Hyperliquid,2023-10-14 17:10:57.778615
21.961,2406.94,22.107,2767.5,Hyperliquid,2023-10-14 17:10:57.778615
21.857,12837.53,22.17,2420.25,Hyperliquid,2023-10-14 17:10:57.778615
21.855,13924.57,22.172,2619.55,Hyperliquid,2023-10-14 17:10:57.778615
21.787,25664.76,22.265,11807.58,Hyperliquid,2023-10-14 17:10:57.778615
21.57,14333.01,22.28,12333.9,Hyperliquid,2023-10-14 17:10:57.778615
21.534,13764.32,22.367,11931.77,Hyperliquid,2023-10-14 17:10:57.778615
18.5,1000.0,22.394,13741.77,Hyperliquid,2023-10-14 17:10:57.778615
17.5,800.0,22.4,6155.75,Hyperliquid,2023-10-14 17:10:57.778615
16.5,1000.0,22.577,13360.0,Hyperliquid,2023-10-14 17:10:57.778615
15.555,155.48,22.617,11899.26,Hyperliquid,2023-10-14 17:10:57.778615
10.0,50.0,22.65,48.08,Hyperliquid,2023-10-14 17:10:57.778615
21.994,495.45,22.001,449.87,Hyperliquid,2023-10-14 18:16:27.367465
21.993,5523.43,22.005,2374.57,Hyperliquid,2023-10-14 18:16:27.367465
21.99,5001.53,22.006,2299.17,Hyperliquid,2023-10-14 18:16:27.367465
21.983,66.95,22.007,2175.03,Hyperliquid,2023-10-14 18:16:27.367465
21.973,2482.9,22.009,2078.93,Hyperliquid,2023-10-14 18:16:27.367465
21.971,2485.89,22.015,21.5,Hyperliquid,2023-10-14 18:16:27.367465
21.946,2367.11,22.02,45.47,Hyperliquid,2023-10-14 18:16:27.367465
21.942,2360.18,22.028,4414.37,Hyperliquid,2023-10-14 18:16:27.367465
21.916,2362.39,22.035,0.77,Hyperliquid,2023-10-14 18:16:27.367465
21.903,2525.63,22.047,5054.03,Hyperliquid,2023-10-14 18:16:27.367465
21.818,12461.8,22.101,2354.9,Hyperliquid,2023-10-14 18:16:27.367465
21.817,12919.92,22.105,2320.24,Hyperliquid,2023-10-14 18:16:27.367465
21.729,24979.77,22.22,12538.56,Hyperliquid,2023-10-14 18:16:27.367465
21.57,14333.01,22.235,12914.19,Hyperliquid,2023-10-14 18:16:27.367465
21.534,13764.32,22.327,13615.93,Hyperliquid,2023-10-14 18:16:27.367465
18.5,1000.0,22.367,11931.77,Hyperliquid,2023-10-14 18:16:27.367465
17.5,800.0,22.4,6155.75,Hyperliquid,2023-10-14 18:16:27.367465
16.5,1000.0,22.577,13360.0,Hyperliquid,2023-10-14 18:16:27.367465
15.555,155.48,22.617,11899.26,Hyperliquid,2023-10-14 18:16:27.367465
10.0,50.0,22.65,48.08,Hyperliquid,2023-10-14 18:16:27.367465
22.013,549.6,22.018,6.63,Hyperliquid,2023-10-14 19:10:16.516247
22.012,1.25,22.019,466.03,Hyperliquid,2023-10-14 19:10:16.516247
22.01,5132.01,22.023,4536.62,Hyperliquid,2023-10-14 19:10:16.516247
22.006,5015.96,22.025,4627.18,Hyperliquid,2023-10-14 19:10:16.516247
22.005,45.42,22.035,21.5,Hyperliquid,2023-10-14 19:10:16.516247
22.003,21.5,22.036,45.41,Hyperliquid,2023-10-14 19:10:16.516247
21.991,2722.08,22.043,2495.91,Hyperliquid,2023-10-14 19:10:16.516247
21.987,2812.05,22.046,2507.84,Hyperliquid,2023-10-14 19:10:16.516247
21.974,2618.62,22.068,2369.72,Hyperliquid,2023-10-14 19:10:16.516247
21.97,2822.57,22.071,2717.31,Hyperliquid,2023-10-14 19:10:16.516247
21.934,2475.44,22.117,2526.41,Hyperliquid,2023-10-14 19:10:16.516247
21.929,2357.86,22.131,2465.36,Hyperliquid,2023-10-14 19:10:16.516247
21.818,12461.8,22.22,12538.56,Hyperliquid,2023-10-14 19:10:16.516247
21.817,12919.92,22.235,12355.63,Hyperliquid,2023-10-14 19:10:16.516247
21.729,24979.77,22.302,12317.31,Hyperliquid,2023-10-14 19:10:16.516247
21.57,14333.01,22.327,13615.93,Hyperliquid,2023-10-14 19:10:16.516247
21.534,13764.32,22.4,6155.75,Hyperliquid,2023-10-14 19:10:16.516247
18.5,1000.0,22.508,12837.02,Hyperliquid,2023-10-14 19:10:16.516247
17.5,800.0,22.577,13360.0,Hyperliquid,2023-10-14 19:10:16.516247
16.5,1000.0,22.65,48.08,Hyperliquid,2023-10-14 19:10:16.516247
22.013,7.1,22.018,487.15,Hyperliquid,2023-10-14 20:13:03.519439
22.012,533.0,22.022,4657.65,Hyperliquid,2023-10-14 20:13:03.519439
22.009,4989.3,22.025,4496.65,Hyperliquid,2023-10-14 20:13:03.519439
22.007,2386.7,22.034,10.75,Hyperliquid,2023-10-14 20:13:03.519439
22.005,2597.04,22.035,10.75,Hyperliquid,2023-10-14 20:13:03.519439
22.003,10.75,22.037,0.95,Hyperliquid,2023-10-14 20:13:03.519439
22.002,10.75,22.04,45.42,Hyperliquid,2023-10-14 20:13:03.519439
22.001,45.41,22.048,4841.29,Hyperliquid,2023-10-14 20:13:03.519439
21.989,5144.49,22.074,4713.16,Hyperliquid,2023-10-14 20:13:03.519439
21.973,2625.26,22.12,2703.41,Hyperliquid,2023-10-14 20:13:03.519439
21.972,2622.29,22.138,2401.47,Hyperliquid,2023-10-14 20:13:03.519439
21.931,2730.91,22.22,12538.56,Hyperliquid,2023-10-14 20:13:03.519439
21.925,2618.03,22.234,11947.87,Hyperliquid,2023-10-14 20:13:03.519439
21.855,27303.18,22.274,51.98,Hyperliquid,2023-10-14 20:13:03.519439
21.729,24979.77,22.302,12317.31,Hyperliquid,2023-10-14 20:13:03.519439
21.57,14333.01,22.327,13615.93,Hyperliquid,2023-10-14 20:13:03.519439
21.534,13764.32,22.4,6155.75,Hyperliquid,2023-10-14 20:13:03.519439
18.5,1000.0,22.508,12837.02,Hyperliquid,2023-10-14 20:13:03.519439
17.5,800.0,22.577,13360.0,Hyperliquid,2023-10-14 20:13:03.519439
16.5,1000.0,22.65,48.08,Hyperliquid,2023-10-14 20:13:03.519439
21.996,31.14,22.002,490.63,Hyperliquid,2023-10-14 21:11:00.413255
21.991,481.47,22.004,450.65,Hyperliquid,2023-10-14 21:11:00.413255
21.99,45.45,22.006,9165.57,Hyperliquid,2023-10-14 21:11:00.413255
21.988,10784.51,22.008,4791.77,Hyperliquid,2023-10-14 21:11:00.413255
21.984,5064.91,22.012,4821.66,Hyperliquid,2023-10-14 21:11:00.413255
21.974,5044.78,22.016,21.5,Hyperliquid,2023-10-14 21:11:00.413255
21.957,4788.57,22.028,0.5,Hyperliquid,2023-10-14 21:11:00.413255
21.945,5559.85,22.03,1.54,Hyperliquid,2023-10-14 21:11:00.413255
21.913,2490.96,22.031,45.43,Hyperliquid,2023-10-14 21:11:00.413255
21.906,2548.19,22.032,4684.25,Hyperliquid,2023-10-14 21:11:00.413255
21.816,25933.43,22.058,5279.1,Hyperliquid,2023-10-14 21:11:00.413255
21.73,12820.86,22.121,2455.38,Hyperliquid,2023-10-14 21:11:00.413255
21.729,11865.33,22.122,2388.74,Hyperliquid,2023-10-14 21:11:00.413255
21.572,11891.91,22.223,13708.42,Hyperliquid,2023-10-14 21:11:00.413255
21.534,13764.32,22.238,13340.81,Hyperliquid,2023-10-14 21:11:00.413255
18.5,1000.0,22.274,51.98,Hyperliquid,2023-10-14 21:11:00.413255
17.5,800.0,22.304,11813.63,Hyperliquid,2023-10-14 21:11:00.413255
16.5,1000.0,22.329,13016.95,Hyperliquid,2023-10-14 21:11:00.413255
15.555,155.48,22.4,6155.75,Hyperliquid,2023-10-14 21:11:00.413255
10.0,50.0,22.472,13496.57,Hyperliquid,2023-10-14 21:11:00.413255
21.944,509.3,21.951,449.3,Hyperliquid,2023-10-14 22:11:46.774234
21.942,40.2,21.954,4597.43,Hyperliquid,2023-10-14 22:11:46.774234
21.941,4852.06,21.957,4389.35,Hyperliquid,2023-10-14 22:11:46.774234
21.939,5133.67,21.961,11.8,Hyperliquid,2023-10-14 22:11:46.774234
21.935,11.8,21.965,10.75,Hyperliquid,2023-10-14 22:11:46.774234
21.933,10.75,21.97,45.54,Hyperliquid,2023-10-14 22:11:46.774234
21.92,2673.63,21.972,4783.83,Hyperliquid,2023-10-14 22:11:46.774234
21.919,2351.45,21.998,4866.5,Hyperliquid,2023-10-14 22:11:46.774234
21.898,5149.82,22.009,0.51,Hyperliquid,2023-10-14 22:11:46.774234
21.863,2760.96,22.01,1.58,Hyperliquid,2023-10-14 22:11:46.774234
21.861,2710.32,22.061,5123.0,Hyperliquid,2023-10-14 22:11:46.774234
21.773,11946.93,22.152,12044.87,Hyperliquid,2023-10-14 22:11:46.774234
21.772,13072.36,22.181,13685.37,Hyperliquid,2023-10-14 22:11:46.774234
21.675,14269.33,22.241,12240.54,Hyperliquid,2023-10-14 22:11:46.774234
21.674,14262.18,22.265,12783.69,Hyperliquid,2023-10-14 22:11:46.774234
21.534,13764.32,22.274,51.98,Hyperliquid,2023-10-14 22:11:46.774234
21.481,12338.73,22.4,6155.75,Hyperliquid,2023-10-14 22:11:46.774234
18.5,1000.0,22.472,13496.57,Hyperliquid,2023-10-14 22:11:46.774234
17.5,800.0,22.508,12837.02,Hyperliquid,2023-10-14 22:11:46.774234
16.5,1000.0,22.65,48.08,Hyperliquid,2023-10-14 22:11:46.774234
21.992,534.54,21.999,462.7,Hyperliquid,2023-10-14 23:12:28.976607
21.99,25.8,22.003,5182.59,Hyperliquid,2023-10-14 23:12:28.976607
21.989,45.46,22.006,4460.86,Hyperliquid,2023-10-14 23:12:28.976607
21.988,5275.04,22.009,11.8,Hyperliquid,2023-10-14 23:12:28.976607
21.986,4785.27,22.012,10.75,Hyperliquid,2023-10-14 23:12:28.976607
21.984,11.8,22.02,4847.79,Hyperliquid,2023-10-14 23:12:28.976607
21.98,10.75,22.021,45.46,Hyperliquid,2023-10-14 23:12:28.976607
21.967,5113.11,22.029,0.61,Hyperliquid,2023-10-14 23:12:28.976607
21.954,5017.38,22.051,5249.9,Hyperliquid,2023-10-14 23:12:28.976607
21.904,4766.2,22.109,5278.82,Hyperliquid,2023-10-14 23:12:28.976607
21.811,25875.15,22.197,12253.39,Hyperliquid,2023-10-14 23:12:28.976607
21.733,25647.25,22.225,12235.89,Hyperliquid,2023-10-14 23:12:28.976607
21.572,14218.5,22.274,51.98,Hyperliquid,2023-10-14 23:12:28.976607
21.534,13764.32,22.311,12531.13,Hyperliquid,2023-10-14 23:12:28.976607
18.5,1000.0,22.329,12897.84,Hyperliquid,2023-10-14 23:12:28.976607
17.5,800.0,22.4,6155.75,Hyperliquid,2023-10-14 23:12:28.976607
16.5,1000.0,22.472,13496.57,Hyperliquid,2023-10-14 23:12:28.976607
15.555,155.48,22.508,12837.02,Hyperliquid,2023-10-14 23:12:28.976607
10.0,50.0,22.65,48.08,Hyperliquid,2023-10-14 23:12:28.976607
,,22.674,49.33,Hyperliquid,2023-10-14 23:12:28.976607
21.87,509.69,21.876,476.64,Hyperliquid,2023-10-15 01:04:30.676247
21.868,5320.58,21.878,5153.58,Hyperliquid,2023-10-15 01:04:30.676247
21.866,45.71,21.879,11.8,Hyperliquid,2023-10-15 01:04:30.676247
21.864,5087.53,21.881,4819.66,Hyperliquid,2023-10-15 01:04:30.676247
21.853,11.8,21.882,10.75,Hyperliquid,2023-10-15 01:04:30.676247
21.85,10.75,21.896,4577.14,Hyperliquid,2023-10-15 01:04:30.676247
21.845,5295.61,21.897,45.71,Hyperliquid,2023-10-15 01:04:30.676247
21.824,2405.03,21.92,1.64,Hyperliquid,2023-10-15 01:04:30.676247
21.82,2707.19,21.922,2825.03,Hyperliquid,2023-10-15 01:04:30.676247
21.788,2847.31,21.924,2356.72,Hyperliquid,2023-10-15 01:04:30.676247
21.778,2483.1,21.968,2454.47,Hyperliquid,2023-10-15 01:04:30.676247
21.677,12922.12,21.971,2393.0,Hyperliquid,2023-10-15 01:04:30.676247
21.674,12890.45,22.058,13688.02,Hyperliquid,2023-10-15 01:04:30.676247
21.598,12217.35,22.089,11795.69,Hyperliquid,2023-10-15 01:04:30.676247
21.586,12904.26,22.147,11730.5,Hyperliquid,2023-10-15 01:04:30.676247
21.44,13678.5,22.19,12100.53,Hyperliquid,2023-10-15 01:04:30.676247
21.426,13145.58,22.274,51.98,Hyperliquid,2023-10-15 01:04:30.676247
18.5,1000.0,22.327,11959.47,Hyperliquid,2023-10-15 01:04:30.676247
17.5,800.0,22.4,6155.75,Hyperliquid,2023-10-15 01:04:30.676247
16.5,1000.0,22.421,13193.43,Hyperliquid,2023-10-15 01:04:30.676247
22.03,505.25,22.037,437.51,Hyperliquid,2023-10-15 02:22:46.723573
22.028,6.17,22.039,2599.73,Hyperliquid,2023-10-15 02:22:46.723573
22.027,2726.17,22.042,2420.19,Hyperliquid,2023-10-15 02:22:46.723573
22.026,2761.52,22.043,2254.57,Hyperliquid,2023-10-15 02:22:46.723573
22.022,4866.79,22.044,2333.73,Hyperliquid,2023-10-15 02:22:46.723573
22.02,45.38,22.051,10.75,Hyperliquid,2023-10-15 02:22:46.723573
22.002,4901.05,22.052,1.08,Hyperliquid,2023-10-15 02:22:46.723573
21.984,2496.26,22.059,2281.97,Hyperliquid,2023-10-15 02:22:46.723573
21.979,2514.33,22.062,2433.32,Hyperliquid,2023-10-15 02:22:46.723573
21.952,2823.06,22.094,2674.17,Hyperliquid,2023-10-15 02:22:46.723573
21.945,2586.12,22.095,2765.97,Hyperliquid,2023-10-15 02:22:46.723573
21.88,11844.15,22.15,5312.41,Hyperliquid,2023-10-15 02:22:46.723573
21.872,12539.13,22.242,12072.33,Hyperliquid,2023-10-15 02:22:46.723573
21.777,11846.28,22.255,12203.65,Hyperliquid,2023-10-15 02:22:46.723573
21.755,12772.11,22.274,51.98,Hyperliquid,2023-10-15 02:22:46.723573
21.636,11401.06,22.344,12997.16,Hyperliquid,2023-10-15 02:22:46.723573
21.621,12167.5,22.357,12407.3,Hyperliquid,2023-10-15 02:22:46.723573
18.5,1000.0,22.4,6155.75,Hyperliquid,2023-10-15 02:22:46.723573
17.5,800.0,22.55,13322.8,Hyperliquid,2023-10-15 02:22:46.723573
16.5,1000.0,22.642,9918.77,Hyperliquid,2023-10-15 02:22:46.723573
21.999,263.75,22.004,511.71,Hyperliquid,2023-10-15 03:13:47.868641
21.997,243.74,22.008,2414.06,Hyperliquid,2023-10-15 03:13:47.868641
21.996,5279.9,22.009,2164.22,Hyperliquid,2023-10-15 03:13:47.868641
21.993,5087.86,22.01,4826.21,Hyperliquid,2023-10-15 03:13:47.868641
21.992,9.13,22.015,0.99,Hyperliquid,2023-10-15 03:13:47.868641
21.991,45.45,22.019,10.75,Hyperliquid,2023-10-15 03:13:47.868641
21.978,2701.16,22.024,45.45,Hyperliquid,2023-10-15 03:13:47.868641
21.976,2737.88,22.027,4630.99,Hyperliquid,2023-10-15 03:13:47.868641
21.953,5041.03,22.059,5223.71,Hyperliquid,2023-10-15 03:13:47.868641
21.894,5063.14,22.097,2775.16,Hyperliquid,2023-10-15 03:13:47.868641
21.826,12638.93,22.11,2413.9,Hyperliquid,2023-10-15 03:13:47.868641
21.804,12689.15,22.198,13349.95,Hyperliquid,2023-10-15 03:13:47.868641
21.755,12772.11,22.214,13482.23,Hyperliquid,2023-10-15 03:13:47.868641
21.719,13050.61,22.274,51.98,Hyperliquid,2023-10-15 03:13:47.868641
21.543,13087.32,22.294,12906.99,Hyperliquid,2023-10-15 03:13:47.868641
21.529,12456.31,22.344,12997.16,Hyperliquid,2023-10-15 03:13:47.868641
18.5,1000.0,22.4,6155.75,Hyperliquid,2023-10-15 03:13:47.868641
17.5,800.0,22.539,12529.38,Hyperliquid,2023-10-15 03:13:47.868641
16.5,1000.0,22.55,13322.8,Hyperliquid,2023-10-15 03:13:47.868641
15.555,155.48,22.65,48.08,Hyperliquid,2023-10-15 03:13:47.868641
21.903,244.86,21.911,240.65,Hyperliquid,2023-10-15 04:15:29.933907
21.902,233.66,21.912,242.68,Hyperliquid,2023-10-15 04:15:29.933907
21.899,2690.4,21.913,227.11,Hyperliquid,2023-10-15 04:15:29.933907
21.897,2656.58,21.914,262.32,Hyperliquid,2023-10-15 04:15:29.933907
21.895,2452.54,21.915,4781.4,Hyperliquid,2023-10-15 04:15:29.933907
21.893,2683.76,21.917,2421.67,Hyperliquid,2023-10-15 04:15:29.933907
21.881,2530.41,21.918,2577.66,Hyperliquid,2023-10-15 04:15:29.933907
21.88,2356.35,21.919,4797.66,Hyperliquid,2023-10-15 04:15:29.933907
21.874,2539.99,21.922,4780.35,Hyperliquid,2023-10-15 04:15:29.933907
21.873,2759.15,21.929,2463.27,Hyperliquid,2023-10-15 04:15:29.933907
21.858,2564.23,21.934,2197.07,Hyperliquid,2023-10-15 04:15:29.933907
21.854,2588.33,21.936,2167.91,Hyperliquid,2023-10-15 04:15:29.933907
21.808,5472.91,21.941,2455.78,Hyperliquid,2023-10-15 04:15:29.933907
21.725,13163.81,21.956,2484.94,Hyperliquid,2023-10-15 04:15:29.933907
21.71,13047.0,21.966,2524.07,Hyperliquid,2023-10-15 04:15:29.933907
21.664,13143.14,21.968,2693.66,Hyperliquid,2023-10-15 04:15:29.933907
21.642,13953.28,21.998,2810.98,Hyperliquid,2023-10-15 04:15:29.933907
21.451,14297.8,22.011,2677.87,Hyperliquid,2023-10-15 04:15:29.933907
21.437,12662.28,22.113,13177.88,Hyperliquid,2023-10-15 04:15:29.933907
18.5,1000.0,22.126,14052.24,Hyperliquid,2023-10-15 04:15:29.933907
21.888,521.7,21.894,483.33,Hyperliquid,2023-10-15 05:12:15.932715
21.886,5601.92,21.898,4580.67,Hyperliquid,2023-10-15 05:12:15.932715
21.885,0.47,21.9,5105.37,Hyperliquid,2023-10-15 05:12:15.932715
21.882,5305.27,21.904,1.12,Hyperliquid,2023-10-15 05:12:15.932715
21.875,45.68,21.905,45.67,Hyperliquid,2023-10-15 05:12:15.932715
21.866,5276.65,21.911,10.75,Hyperliquid,2023-10-15 05:12:15.932715
21.85,5511.62,21.917,2205.67,Hyperliquid,2023-10-15 05:12:15.932715
21.806,5639.09,21.919,2310.86,Hyperliquid,2023-10-15 05:12:15.932715
21.718,13338.53,21.951,5312.4,Hyperliquid,2023-10-15 05:12:15.932715
21.709,11817.02,21.995,2615.58,Hyperliquid,2023-10-15 05:12:15.932715
21.664,12891.57,22.013,2817.71,Hyperliquid,2023-10-15 05:12:15.932715
21.642,13953.28,22.113,13197.72,Hyperliquid,2023-10-15 05:12:15.932715
21.451,14297.8,22.128,12961.48,Hyperliquid,2023-10-15 05:12:15.932715
21.437,12662.28,22.219,12994.02,Hyperliquid,2023-10-15 05:12:15.932715
18.5,1000.0,22.232,12289.51,Hyperliquid,2023-10-15 05:12:15.932715
17.5,800.0,22.274,51.98,Hyperliquid,2023-10-15 05:12:15.932715
16.5,1000.0,22.4,6155.75,Hyperliquid,2023-10-15 05:12:15.932715
15.555,155.48,22.435,13496.11,Hyperliquid,2023-10-15 05:12:15.932715
10.0,50.0,22.447,13752.57,Hyperliquid,2023-10-15 05:12:15.932715
,,22.65,48.08,Hyperliquid,2023-10-15 05:12:15.932715
21.896,485.14,21.902,499.13,Hyperliquid,2023-10-15 06:17:16.561001
21.894,21.23,21.903,4798.6,Hyperliquid,2023-10-15 06:17:16.561001
21.893,5374.55,21.908,4789.53,Hyperliquid,2023-10-15 06:17:16.561001
21.889,4820.46,21.915,45.66,Hyperliquid,2023-10-15 06:17:16.561001
21.882,45.68,21.919,10.75,Hyperliquid,2023-10-15 06:17:16.561001
21.871,2753.85,21.924,2340.81,Hyperliquid,2023-10-15 06:17:16.561001
21.87,2741.73,21.926,2522.61,Hyperliquid,2023-10-15 06:17:16.561001
21.85,2827.75,21.934,1.09,Hyperliquid,2023-10-15 06:17:16.561001
21.849,2345.62,21.945,2368.44,Hyperliquid,2023-10-15 06:17:16.561001
21.808,2397.78,21.952,2378.25,Hyperliquid,2023-10-15 06:17:16.561001
21.806,2350.91,21.995,5115.91,Hyperliquid,2023-10-15 06:17:16.561001
21.718,12965.7,22.113,13197.72,Hyperliquid,2023-10-15 06:17:16.561001
21.708,11925.04,22.128,12961.48,Hyperliquid,2023-10-15 06:17:16.561001
21.664,12891.57,22.219,12994.02,Hyperliquid,2023-10-15 06:17:16.561001
21.642,13953.28,22.232,12289.51,Hyperliquid,2023-10-15 06:17:16.561001
21.451,14297.8,22.274,51.98,Hyperliquid,2023-10-15 06:17:16.561001
21.437,12662.28,22.4,6155.75,Hyperliquid,2023-10-15 06:17:16.561001
18.5,1000.0,22.435,13496.11,Hyperliquid,2023-10-15 06:17:16.561001
17.5,800.0,22.447,13752.57,Hyperliquid,2023-10-15 06:17:16.561001
16.5,1000.0,22.65,48.08,Hyperliquid,2023-10-15 06:17:16.561001
21.933,516.56,21.94,498.55,Hyperliquid,2023-10-15 07:11:32.255371
21.93,4988.63,21.941,4667.51,Hyperliquid,2023-10-15 07:11:32.255371
21.929,45.58,21.944,4902.74,Hyperliquid,2023-10-15 07:11:32.255371
21.928,5127.13,21.958,10.75,Hyperliquid,2023-10-15 07:11:32.255371
21.921,1.33,21.959,2184.13,Hyperliquid,2023-10-15 07:11:32.255371
21.908,5460.25,21.962,45.58,Hyperliquid,2023-10-15 07:11:32.255371
21.89,4886.8,21.963,2316.1,Hyperliquid,2023-10-15 07:11:32.255371
21.848,4999.63,21.99,5039.24,Hyperliquid,2023-10-15 07:11:32.255371
21.76,11963.06,22.044,2730.03,Hyperliquid,2023-10-15 07:11:32.255371
21.747,13096.39,22.046,2465.16,Hyperliquid,2023-10-15 07:11:32.255371
21.664,12891.57,22.128,12961.48,Hyperliquid,2023-10-15 07:11:32.255371
21.642,13953.28,22.156,13073.34,Hyperliquid,2023-10-15 07:11:32.255371
21.451,14297.8,22.219,12994.02,Hyperliquid,2023-10-15 07:11:32.255371
21.437,12662.28,22.232,12289.51,Hyperliquid,2023-10-15 07:11:32.255371
18.5,1000.0,22.274,51.98,Hyperliquid,2023-10-15 07:11:32.255371
17.5,800.0,22.4,6155.75,Hyperliquid,2023-10-15 07:11:32.255371
16.5,1000.0,22.435,13496.11,Hyperliquid,2023-10-15 07:11:32.255371
15.555,155.48,22.447,13752.57,Hyperliquid,2023-10-15 07:11:32.255371
10.0,50.0,22.65,48.08,Hyperliquid,2023-10-15 07:11:32.255371
,,22.674,49.33,Hyperliquid,2023-10-15 07:11:32.255371
21.887,502.09,21.893,491.53,Hyperliquid,2023-10-15 08:15:45.955235
21.884,5381.98,21.894,1.87,Hyperliquid,2023-10-15 08:15:45.955235
21.882,5334.81,21.896,4415.85,Hyperliquid,2023-10-15 08:15:45.955235
21.878,45.68,21.9,4809.15,Hyperliquid,2023-10-15 08:15:45.955235
21.874,0.84,21.912,10.75,Hyperliquid,2023-10-15 08:15:45.955235
21.865,2504.62,21.915,45.67,Hyperliquid,2023-10-15 08:15:45.955235
21.861,2411.01,21.918,4884.09,Hyperliquid,2023-10-15 08:15:45.955235
21.842,5489.9,21.944,2496.05,Hyperliquid,2023-10-15 08:15:45.955235
21.806,5558.12,21.95,2646.32,Hyperliquid,2023-10-15 08:15:45.955235
21.721,12368.62,22.001,2547.35,Hyperliquid,2023-10-15 08:15:45.955235
21.71,13258.45,22.005,2450.16,Hyperliquid,2023-10-15 08:15:45.955235
21.664,12891.57,22.118,12757.21,Hyperliquid,2023-10-15 08:15:45.955235
21.642,13953.28,22.129,13759.36,Hyperliquid,2023-10-15 08:15:45.955235
21.451,14297.8,22.219,12994.02,Hyperliquid,2023-10-15 08:15:45.955235
21.437,12662.28,22.232,12289.51,Hyperliquid,2023-10-15 08:15:45.955235
18.5,1000.0,22.274,51.98,Hyperliquid,2023-10-15 08:15:45.955235
17.5,800.0,22.4,6155.75,Hyperliquid,2023-10-15 08:15:45.955235
16.5,1000.0,22.435,13496.11,Hyperliquid,2023-10-15 08:15:45.955235
15.555,155.48,22.447,13752.57,Hyperliquid,2023-10-15 08:15:45.955235
10.0,50.0,22.65,48.08,Hyperliquid,2023-10-15 08:15:45.955235
21.992,516.74,21.998,501.42,Hyperliquid,2023-10-15 09:12:12.530976
21.99,5392.09,22.003,4722.26,Hyperliquid,2023-10-15 09:12:12.530976
21.985,4965.1,22.007,4531.4,Hyperliquid,2023-10-15 09:12:12.530976
21.984,45.46,22.011,10.75,Hyperliquid,2023-10-15 09:12:12.530976
21.967,5120.82,22.015,45.46,Hyperliquid,2023-10-15 09:12:12.530976
21.943,2676.7,22.021,0.56,Hyperliquid,2023-10-15 09:12:12.530976
21.942,2738.79,22.023,2260.01,Hyperliquid,2023-10-15 09:12:12.530976
21.9,2491.8,22.024,2508.02,Hyperliquid,2023-10-15 09:12:12.530976
21.886,2544.21,22.04,2510.2,Hyperliquid,2023-10-15 09:12:12.530976
21.798,13612.08,22.051,2500.37,Hyperliquid,2023-10-15 09:12:12.530976
21.786,12615.89,22.082,2344.4,Hyperliquid,2023-10-15 09:12:12.530976
21.72,12831.74,22.099,2349.29,Hyperliquid,2023-10-15 09:12:12.530976
21.697,14068.43,22.166,12029.73,Hyperliquid,2023-10-15 09:12:12.530976
21.543,12634.92,22.172,12811.3,Hyperliquid,2023-10-15 09:12:12.530976
21.528,14481.5,22.274,51.98,Hyperliquid,2023-10-15 09:12:12.530976
18.5,1000.0,22.283,13792.37,Hyperliquid,2023-10-15 09:12:12.530976
17.5,800.0,22.296,13144.26,Hyperliquid,2023-10-15 09:12:12.530976
16.5,1000.0,22.4,6155.75,Hyperliquid,2023-10-15 09:12:12.530976
15.555,155.48,22.435,13496.11,Hyperliquid,2023-10-15 09:12:12.530976
10.0,50.0,22.447,13752.57,Hyperliquid,2023-10-15 09:12:12.530976
21.921,492.21,21.927,238.68,Hyperliquid,2023-10-15 10:13:29.567260
21.919,3.66,21.928,244.57,Hyperliquid,2023-10-15 10:13:29.567260
21.918,5188.15,21.93,2318.56,Hyperliquid,2023-10-15 10:13:29.567260
21.915,2505.27,21.932,2479.13,Hyperliquid,2023-10-15 10:13:29.567260
21.913,2782.78,21.934,2382.68,Hyperliquid,2023-10-15 10:13:29.567260
21.91,45.61,21.935,2413.22,Hyperliquid,2023-10-15 10:13:29.567260
21.895,5019.17,21.94,45.61,Hyperliquid,2023-10-15 10:13:29.567260
21.872,2588.74,21.941,1.59,Hyperliquid,2023-10-15 10:13:29.567260
21.87,2768.69,21.942,10.75,Hyperliquid,2023-10-15 10:13:29.567260
21.835,2374.73,21.95,2496.47,Hyperliquid,2023-10-15 10:13:29.567260
21.815,2711.4,21.954,2275.15,Hyperliquid,2023-10-15 10:13:29.567260
21.759,13671.76,21.976,2519.76,Hyperliquid,2023-10-15 10:13:29.567260
21.744,12522.05,21.978,2527.74,Hyperliquid,2023-10-15 10:13:29.567260
21.665,12179.35,22.034,2595.26,Hyperliquid,2023-10-15 10:13:29.567260
21.639,12591.39,22.038,2436.9,Hyperliquid,2023-10-15 10:13:29.567260
21.528,14481.5,22.127,11610.97,Hyperliquid,2023-10-15 10:13:29.567260
21.453,12598.28,22.132,13656.22,Hyperliquid,2023-10-15 10:13:29.567260
18.5,1000.0,22.222,12966.88,Hyperliquid,2023-10-15 10:13:29.567260
17.5,800.0,22.233,11767.86,Hyperliquid,2023-10-15 10:13:29.567260
16.5,1000.0,22.274,51.98,Hyperliquid,2023-10-15 10:13:29.567260
21.892,247.89,21.899,500.38,Hyperliquid,2023-10-15 11:10:26.364757
21.891,269.43,21.9,2516.84,Hyperliquid,2023-10-15 11:10:26.364757
21.889,2613.33,21.901,2506.27,Hyperliquid,2023-10-15 11:10:26.364757
21.888,2343.99,21.904,2379.95,Hyperliquid,2023-10-15 11:10:26.364757
21.886,2652.95,21.905,2172.27,Hyperliquid,2023-10-15 11:10:26.364757
21.885,2346.15,21.912,10.75,Hyperliquid,2023-10-15 11:10:26.364757
21.884,1.15,21.913,45.65,Hyperliquid,2023-10-15 11:10:26.364757
21.881,45.65,21.919,2285.08,Hyperliquid,2023-10-15 11:10:26.364757
21.869,2414.53,21.923,2580.97,Hyperliquid,2023-10-15 11:10:26.364757
21.865,2766.05,21.945,2488.37,Hyperliquid,2023-10-15 11:10:26.364757
21.853,4836.98,21.948,2579.05,Hyperliquid,2023-10-15 11:10:26.364757
21.81,5421.45,22.016,2734.02,Hyperliquid,2023-10-15 11:10:26.364757
21.741,13199.89,22.017,2617.42,Hyperliquid,2023-10-15 11:10:26.364757
21.719,13076.31,22.127,12321.08,Hyperliquid,2023-10-15 11:10:26.364757
21.665,12179.35,22.132,13363.4,Hyperliquid,2023-10-15 11:10:26.364757
21.637,12602.48,22.222,12966.88,Hyperliquid,2023-10-15 11:10:26.364757
21.528,14481.5,22.233,11767.86,Hyperliquid,2023-10-15 11:10:26.364757
21.453,12598.28,22.274,51.98,Hyperliquid,2023-10-15 11:10:26.364757
18.5,1000.0,22.4,6155.75,Hyperliquid,2023-10-15 11:10:26.364757
17.5,800.0,22.435,13496.11,Hyperliquid,2023-10-15 11:10:26.364757
21.809,511.31,21.814,0.83,Hyperliquid,2023-10-15 12:24:40.013304
21.805,5282.79,21.815,459.6,Hyperliquid,2023-10-15 12:24:40.013304
21.804,5136.16,21.819,4679.33,Hyperliquid,2023-10-15 12:24:40.013304
21.801,45.84,21.822,4858.06,Hyperliquid,2023-10-15 12:24:40.013304
21.788,5436.48,21.835,45.83,Hyperliquid,2023-10-15 12:24:40.013304
21.767,5167.08,21.836,10.75,Hyperliquid,2023-10-15 12:24:40.013304
21.729,5461.47,21.843,4785.01,Hyperliquid,2023-10-15 12:24:40.013304
21.644,13663.3,21.87,5327.75,Hyperliquid,2023-10-15 12:24:40.013304
21.642,13564.0,21.913,2817.78,Hyperliquid,2023-10-15 12:24:40.013304
21.556,13851.4,21.916,2795.68,Hyperliquid,2023-10-15 12:24:40.013304
21.519,12099.9,21.994,13292.31,Hyperliquid,2023-10-15 12:24:40.013304
21.362,14540.22,22.011,11614.1,Hyperliquid,2023-10-15 12:24:40.013304
21.341,13769.58,22.095,12655.47,Hyperliquid,2023-10-15 12:24:40.013304
18.5,1000.0,22.111,12119.74,Hyperliquid,2023-10-15 12:24:40.013304
17.5,800.0,22.274,51.98,Hyperliquid,2023-10-15 12:24:40.013304
16.5,1000.0,22.336,12978.51,Hyperliquid,2023-10-15 12:24:40.013304
15.555,155.48,22.348,12682.88,Hyperliquid,2023-10-15 12:24:40.013304
10.0,50.0,22.4,6155.75,Hyperliquid,2023-10-15 12:24:40.013304
,,22.65,48.08,Hyperliquid,2023-10-15 12:24:40.013304
,,22.674,49.33,Hyperliquid,2023-10-15 12:24:40.013304
21.812,529.53,21.819,500.59,Hyperliquid,2023-10-15 13:14:29.913515
21.808,5249.86,21.821,4981.5,Hyperliquid,2023-10-15 13:14:29.913515
21.806,4877.13,21.827,4886.1,Hyperliquid,2023-10-15 13:14:29.913515
21.791,2672.36,21.833,10.75,Hyperliquid,2023-10-15 13:14:29.913515
21.788,2664.23,21.839,45.83,Hyperliquid,2023-10-15 13:14:29.913515
21.766,5572.26,21.841,2187.45,Hyperliquid,2023-10-15 13:14:29.913515
21.724,5097.46,21.842,2619.96,Hyperliquid,2023-10-15 13:14:29.913515
21.636,12148.84,21.865,2470.13,Hyperliquid,2023-10-15 13:14:29.913515
21.6,12860.06,21.871,2643.08,Hyperliquid,2023-10-15 13:14:29.913515
21.519,12099.9,21.918,2442.33,Hyperliquid,2023-10-15 13:14:29.913515
21.499,14085.98,21.922,2431.41,Hyperliquid,2023-10-15 13:14:29.913515
21.362,14540.22,21.993,12643.12,Hyperliquid,2023-10-15 13:14:29.913515
21.341,13769.58,22.013,12372.53,Hyperliquid,2023-10-15 13:14:29.913515
17.5,800.0,22.095,12655.47,Hyperliquid,2023-10-15 13:14:29.913515
16.5,1000.0,22.112,13845.14,Hyperliquid,2023-10-15 13:14:29.913515
15.555,155.48,22.274,51.98,Hyperliquid,2023-10-15 13:14:29.913515
10.0,50.0,22.336,12978.51,Hyperliquid,2023-10-15 13:14:29.913515
,,22.348,12682.88,Hyperliquid,2023-10-15 13:14:29.913515
,,22.4,6155.75,Hyperliquid,2023-10-15 13:14:29.913515
,,22.65,48.08,Hyperliquid,2023-10-15 13:14:29.913515
21.807,278.59,21.813,487.75,Hyperliquid,2023-10-15 14:11:23.672233
21.806,272.8,21.817,4787.65,Hyperliquid,2023-10-15 14:11:23.672233
21.803,2807.38,21.821,2482.35,Hyperliquid,2023-10-15 14:11:23.672233
21.802,2366.26,21.822,2265.01,Hyperliquid,2023-10-15 14:11:23.672233
21.801,2502.94,21.825,45.86,Hyperliquid,2023-10-15 14:11:23.672233
21.799,2836.28,21.829,10.75,Hyperliquid,2023-10-15 14:11:23.672233
21.798,2544.56,21.835,2578.58,Hyperliquid,2023-10-15 14:11:23.672233
21.794,45.86,21.841,2270.21,Hyperliquid,2023-10-15 14:11:23.672233
21.782,2517.05,21.858,2655.73,Hyperliquid,2023-10-15 14:11:23.672233
21.778,2508.83,21.865,2408.73,Hyperliquid,2023-10-15 14:11:23.672233
21.755,2388.51,21.908,2771.63,Hyperliquid,2023-10-15 14:11:23.672233
21.751,2675.08,21.914,2366.64,Hyperliquid,2023-10-15 14:11:23.672233
21.713,2744.59,21.994,13058.17,Hyperliquid,2023-10-15 14:11:23.672233
21.705,2361.83,22.017,12607.68,Hyperliquid,2023-10-15 14:11:23.672233
21.618,14201.15,22.097,11635.61,Hyperliquid,2023-10-15 14:11:23.672233
21.608,13326.86,22.113,12030.17,Hyperliquid,2023-10-15 14:11:23.672233
21.535,12019.64,22.245,13008.43,Hyperliquid,2023-10-15 14:11:23.672233
21.497,11930.75,22.274,51.98,Hyperliquid,2023-10-15 14:11:23.672233
21.359,12800.2,22.3,12082.92,Hyperliquid,2023-10-15 14:11:23.672233
21.303,11319.96,22.4,6155.75,Hyperliquid,2023-10-15 14:11:23.672233
21.685,270.84,21.693,250.25,Hyperliquid,2023-10-15 15:12:23.380396
21.684,250.29,21.694,236.0,Hyperliquid,2023-10-15 15:12:23.380396
21.681,5224.14,21.698,4909.22,Hyperliquid,2023-10-15 15:12:23.380396
21.677,5228.49,21.702,4712.06,Hyperliquid,2023-10-15 15:12:23.380396
21.676,46.11,21.71,46.11,Hyperliquid,2023-10-15 15:12:23.380396
21.66,2794.42,21.714,2653.73,Hyperliquid,2023-10-15 15:12:23.380396
21.657,2680.45,21.716,10.75,Hyperliquid,2023-10-15 15:12:23.380396
21.638,2610.02,21.719,2650.52,Hyperliquid,2023-10-15 15:12:23.380396
21.635,2879.81,21.736,2808.54,Hyperliquid,2023-10-15 15:12:23.380396
21.584,2682.46,21.745,2535.82,Hyperliquid,2023-10-15 15:12:23.380396
21.58,2252.76,21.782,5085.76,Hyperliquid,2023-10-15 15:12:23.380396
21.494,13460.5,21.871,13288.19,Hyperliquid,2023-10-15 15:12:23.380396
21.49,12616.28,21.874,13001.49,Hyperliquid,2023-10-15 15:12:23.380396
21.404,12091.09,22.014,11080.39,Hyperliquid,2023-10-15 15:12:23.380396
21.4,11590.58,22.018,12158.66,Hyperliquid,2023-10-15 15:12:23.380396
21.227,11550.45,22.216,12629.24,Hyperliquid,2023-10-15 15:12:23.380396
21.224,12877.37,22.22,12731.21,Hyperliquid,2023-10-15 15:12:23.380396
17.5,800.0,22.274,51.98,Hyperliquid,2023-10-15 15:12:23.380396
16.5,1000.0,22.4,6155.75,Hyperliquid,2023-10-15 15:12:23.380396
15.555,155.48,22.65,48.08,Hyperliquid,2023-10-15 15:12:23.380396
21.726,260.74,21.731,260.85,Hyperliquid,2023-10-15 16:16:01.911951
21.725,284.77,21.733,231.92,Hyperliquid,2023-10-15 16:16:01.911951
21.723,2804.14,21.734,2648.9,Hyperliquid,2023-10-15 16:16:01.911951
21.721,2696.54,21.737,2249.27,Hyperliquid,2023-10-15 16:16:01.911951
21.72,2608.85,21.738,2223.23,Hyperliquid,2023-10-15 16:16:01.911951
21.719,2541.23,21.741,2441.84,Hyperliquid,2023-10-15 16:16:01.911951
21.711,46.02,21.746,46.01,Hyperliquid,2023-10-15 16:16:01.911951
21.703,2365.28,21.75,10.75,Hyperliquid,2023-10-15 16:16:01.911951
21.701,2393.87,21.756,2270.46,Hyperliquid,2023-10-15 16:16:01.911951
21.678,2853.03,21.758,2409.06,Hyperliquid,2023-10-15 16:16:01.911951
21.673,2634.05,21.773,2516.27,Hyperliquid,2023-10-15 16:16:01.911951
21.647,2879.59,21.776,2716.8,Hyperliquid,2023-10-15 16:16:01.911951
21.641,2455.58,21.831,2817.0,Hyperliquid,2023-10-15 16:16:01.911951
21.531,11895.92,21.836,2563.73,Hyperliquid,2023-10-15 16:16:01.911951
21.527,12780.13,21.915,12162.05,Hyperliquid,2023-10-15 16:16:01.911951
21.458,11973.3,21.92,12776.95,Hyperliquid,2023-10-15 16:16:01.911951
21.457,12147.9,22.015,13430.99,Hyperliquid,2023-10-15 16:16:01.911951
21.319,12362.93,22.02,12409.65,Hyperliquid,2023-10-15 16:16:01.911951
21.314,13327.16,22.216,12629.24,Hyperliquid,2023-10-15 16:16:01.911951
17.5,800.0,22.22,12731.21,Hyperliquid,2023-10-15 16:16:01.911951
21.801,248.16,21.806,231.43,Hyperliquid,2023-10-15 17:11:57.714247
21.799,276.11,21.808,233.02,Hyperliquid,2023-10-15 17:11:57.714247
21.797,2763.43,21.809,2318.49,Hyperliquid,2023-10-15 17:11:57.714247
21.795,2438.4,21.811,2410.21,Hyperliquid,2023-10-15 17:11:57.714247
21.794,2633.03,21.815,4824.99,Hyperliquid,2023-10-15 17:11:57.714247
21.792,2771.87,21.823,10.75,Hyperliquid,2023-10-15 17:11:57.714247
21.78,2493.59,21.83,45.85,Hyperliquid,2023-10-15 17:11:57.714247
21.775,2757.76,21.837,2474.2,Hyperliquid,2023-10-15 17:11:57.714247
21.753,2785.17,21.838,2206.82,Hyperliquid,2023-10-15 17:11:57.714247
21.752,2517.13,21.855,2792.81,Hyperliquid,2023-10-15 17:11:57.714247
21.711,2856.59,21.858,2451.22,Hyperliquid,2023-10-15 17:11:57.714247
21.699,2421.87,21.902,2602.68,Hyperliquid,2023-10-15 17:11:57.714247
21.605,13937.93,21.908,2642.84,Hyperliquid,2023-10-15 17:11:57.714247
21.6,11876.56,22.002,12719.34,Hyperliquid,2023-10-15 17:11:57.714247
21.513,13096.19,22.006,13426.04,Hyperliquid,2023-10-15 17:11:57.714247
21.512,14026.5,22.078,14030.61,Hyperliquid,2023-10-15 17:11:57.714247
21.319,12362.93,22.084,13413.07,Hyperliquid,2023-10-15 17:11:57.714247
21.314,13327.16,22.22,12731.21,Hyperliquid,2023-10-15 17:11:57.714247
17.5,800.0,22.274,51.98,Hyperliquid,2023-10-15 17:11:57.714247
16.5,1000.0,22.319,12000.39,Hyperliquid,2023-10-15 17:11:57.714247
21.875,533.62,21.882,8.0,Hyperliquid,2023-10-15 18:16:40.391930
21.872,5120.67,21.883,488.01,Hyperliquid,2023-10-15 18:16:40.391930
21.869,2545.41,21.887,2187.31,Hyperliquid,2023-10-15 18:16:40.391930
21.868,2424.97,21.888,5121.75,Hyperliquid,2023-10-15 18:16:40.391930
21.867,45.7,21.889,2327.86,Hyperliquid,2023-10-15 18:16:40.391930
21.854,2838.8,21.894,45.71,Hyperliquid,2023-10-15 18:16:40.391930
21.849,2614.43,21.902,10.75,Hyperliquid,2023-10-15 18:16:40.391930
21.827,5439.56,21.907,2332.81,Hyperliquid,2023-10-15 18:16:40.391930
21.794,2619.83,21.908,2409.29,Hyperliquid,2023-10-15 18:16:40.391930
21.788,2836.96,21.929,5234.18,Hyperliquid,2023-10-15 18:16:40.391930
21.72,12513.75,21.986,4929.41,Hyperliquid,2023-10-15 18:16:40.391930
21.7,13092.43,22.101,13369.16,Hyperliquid,2023-10-15 18:16:40.391930
21.626,11933.35,22.117,12540.8,Hyperliquid,2023-10-15 18:16:40.391930
21.611,13706.22,22.206,11833.64,Hyperliquid,2023-10-15 18:16:40.391930
21.467,13081.75,22.238,12456.45,Hyperliquid,2023-10-15 18:16:40.391930
21.405,13619.38,22.274,51.98,Hyperliquid,2023-10-15 18:16:40.391930
17.5,800.0,22.378,12174.53,Hyperliquid,2023-10-15 18:16:40.391930
16.5,1000.0,22.4,6155.75,Hyperliquid,2023-10-15 18:16:40.391930
15.555,155.48,22.424,12671.77,Hyperliquid,2023-10-15 18:16:40.391930
10.0,50.0,22.65,48.08,Hyperliquid,2023-10-15 18:16:40.391930
21.961,520.57,21.967,475.1,Hyperliquid,2023-10-15 19:10:18.479600
21.957,5140.21,21.97,4971.1,Hyperliquid,2023-10-15 19:10:18.479600
21.955,5507.32,21.976,4484.11,Hyperliquid,2023-10-15 19:10:18.479600
21.951,45.53,21.982,10.75,Hyperliquid,2023-10-15 19:10:18.479600
21.94,2797.41,21.989,45.52,Hyperliquid,2023-10-15 19:10:18.479600
21.936,2651.8,21.996,4754.79,Hyperliquid,2023-10-15 19:10:18.479600
21.908,5016.99,22.012,2795.08,Hyperliquid,2023-10-15 19:10:18.479600
21.876,2342.4,22.017,2735.64,Hyperliquid,2023-10-15 19:10:18.479600
21.863,2548.9,22.083,5064.1,Hyperliquid,2023-10-15 19:10:18.479600
21.852,37.0,22.163,13898.49,Hyperliquid,2023-10-15 19:10:18.479600
21.824,42.0,22.19,13955.26,Hyperliquid,2023-10-15 19:10:18.479600
21.796,60.0,22.241,12451.54,Hyperliquid,2023-10-15 19:10:18.479600
21.795,13996.19,22.274,51.98,Hyperliquid,2023-10-15 19:10:18.479600
21.772,13475.61,22.276,13173.42,Hyperliquid,2023-10-15 19:10:18.479600
21.767,80.0,22.4,6155.75,Hyperliquid,2023-10-15 19:10:18.479600
21.739,80.0,22.424,12671.77,Hyperliquid,2023-10-15 19:10:18.479600
21.711,80.0,22.485,12960.83,Hyperliquid,2023-10-15 19:10:18.479600
21.681,12445.48,22.65,48.08,Hyperliquid,2023-10-15 19:10:18.479600
21.667,14331.45,22.674,49.33,Hyperliquid,2023-10-15 19:10:18.479600
21.496,14255.13,22.698,50.59,Hyperliquid,2023-10-15 19:10:18.479600
21.852,34.21,21.853,252.26,Hyperliquid,2023-10-15 20:13:27.251334
21.847,554.56,21.854,235.72,Hyperliquid,2023-10-15 20:13:27.251334
21.845,5320.63,21.857,4780.12,Hyperliquid,2023-10-15 20:13:27.251334
21.843,2589.11,21.861,5028.71,Hyperliquid,2023-10-15 20:13:27.251334
21.841,2831.44,21.874,10.75,Hyperliquid,2023-10-15 20:13:27.251334
21.839,45.76,21.875,45.75,Hyperliquid,2023-10-15 20:13:27.251334
21.827,5508.15,21.879,2290.05,Hyperliquid,2023-10-15 20:13:27.251334
21.824,42.0,21.882,2451.04,Hyperliquid,2023-10-15 20:13:27.251334
21.812,2368.81,21.91,5278.13,Hyperliquid,2023-10-15 20:13:27.251334
21.81,2438.19,21.953,5400.02,Hyperliquid,2023-10-15 20:13:27.251334
21.796,60.0,22.061,12277.1,Hyperliquid,2023-10-15 20:13:27.251334
21.767,80.0,22.078,12893.82,Hyperliquid,2023-10-15 20:13:27.251334
21.763,5289.92,22.153,12872.41,Hyperliquid,2023-10-15 20:13:27.251334
21.739,80.0,22.178,12590.38,Hyperliquid,2023-10-15 20:13:27.251334
21.711,80.0,22.274,51.98,Hyperliquid,2023-10-15 20:13:27.251334
21.698,12477.85,22.383,11628.94,Hyperliquid,2023-10-15 20:13:27.251334
21.677,13283.43,22.4,6155.75,Hyperliquid,2023-10-15 20:13:27.251334
21.625,12085.37,22.424,12671.77,Hyperliquid,2023-10-15 20:13:27.251334
21.61,12499.09,22.65,48.08,Hyperliquid,2023-10-15 20:13:27.251334
21.496,14255.13,22.674,49.33,Hyperliquid,2023-10-15 20:13:27.251334
21.966,38.4,21.973,478.53,Hyperliquid,2023-10-15 21:11:19.348663
21.963,512.09,21.975,2977.53,Hyperliquid,2023-10-15 21:11:19.348663
21.962,2811.13,21.976,2194.54,Hyperliquid,2023-10-15 21:11:19.348663
21.961,2570.15,21.978,2584.03,Hyperliquid,2023-10-15 21:11:19.348663
21.959,2445.82,21.981,4781.62,Hyperliquid,2023-10-15 21:11:19.348663
21.957,5045.45,21.985,45.51,Hyperliquid,2023-10-15 21:11:19.348663
21.941,2442.18,21.992,10.75,Hyperliquid,2023-10-15 21:11:19.348663
21.937,2450.65,21.999,4936.72,Hyperliquid,2023-10-15 21:11:19.348663
21.919,2337.28,22.023,2716.76,Hyperliquid,2023-10-15 21:11:19.348663
21.91,2500.67,22.029,2722.09,Hyperliquid,2023-10-15 21:11:19.348663
21.878,2385.13,22.086,5100.69,Hyperliquid,2023-10-15 21:11:19.348663
21.866,2703.7,22.184,12783.32,Hyperliquid,2023-10-15 21:11:19.348663
21.824,42.0,22.206,13667.48,Hyperliquid,2023-10-15 21:11:19.348663
21.796,60.0,22.274,51.98,Hyperliquid,2023-10-15 21:11:19.348663
21.794,26987.6,22.316,13093.69,Hyperliquid,2023-10-15 21:11:19.348663
21.767,80.0,22.317,12227.11,Hyperliquid,2023-10-15 21:11:19.348663
21.741,11954.45,22.4,6155.75,Hyperliquid,2023-10-15 21:11:19.348663
21.739,80.0,22.498,12295.73,Hyperliquid,2023-10-15 21:11:19.348663
21.723,12905.24,22.544,13174.96,Hyperliquid,2023-10-15 21:11:19.348663
21.711,80.0,22.65,48.08,Hyperliquid,2023-10-15 21:11:19.348663
22.004,45.44,22.011,20.35,Hyperliquid,2023-10-15 22:12:12.065223
22.003,15.87,22.013,214.22,Hyperliquid,2023-10-15 22:12:12.065223
22.002,505.0,22.014,246.15,Hyperliquid,2023-10-15 22:12:12.065223
21.999,496.14,22.015,4421.21,Hyperliquid,2023-10-15 22:12:12.065223
21.998,497.3,22.02,4511.33,Hyperliquid,2023-10-15 22:12:12.065223
21.997,2260.84,22.023,4407.71,Hyperliquid,2023-10-15 22:12:12.065223
21.996,487.86,22.037,56.17,Hyperliquid,2023-10-15 22:12:12.065223
21.995,2685.14,22.043,2302.3,Hyperliquid,2023-10-15 22:12:12.065223
21.992,6954.04,22.045,2424.32,Hyperliquid,2023-10-15 22:12:12.065223
21.991,4821.14,22.073,2567.8,Hyperliquid,2023-10-15 22:12:12.065223
21.987,2619.52,22.082,2243.9,Hyperliquid,2023-10-15 22:12:12.065223
21.986,2612.76,22.126,5318.3,Hyperliquid,2023-10-15 22:12:12.065223
21.973,2456.4,22.228,23059.45,Hyperliquid,2023-10-15 22:12:12.065223
21.97,2383.96,22.274,51.98,Hyperliquid,2023-10-15 22:12:12.065223
21.949,2359.21,22.318,13122.94,Hyperliquid,2023-10-15 22:12:12.065223
21.938,2077.78,22.323,13264.94,Hyperliquid,2023-10-15 22:12:12.065223
21.898,5415.76,22.4,6155.75,Hyperliquid,2023-10-15 22:12:12.065223
21.824,42.0,22.545,11581.22,Hyperliquid,2023-10-15 22:12:12.065223
21.796,60.0,22.603,12502.72,Hyperliquid,2023-10-15 22:12:12.065223
21.786,18992.56,22.65,48.08,Hyperliquid,2023-10-15 22:12:12.065223
21.867,519.85,21.875,509.47,Hyperliquid,2023-10-15 23:13:13.982805
21.864,5236.15,21.878,468.87,Hyperliquid,2023-10-15 23:13:13.982805
21.863,5443.92,21.879,4580.52,Hyperliquid,2023-10-15 23:13:13.982805
21.859,5286.38,21.88,465.02,Hyperliquid,2023-10-15 23:13:13.982805
21.854,2770.74,21.882,4942.76,Hyperliquid,2023-10-15 23:13:13.982805
21.849,2631.55,21.883,503.54,Hyperliquid,2023-10-15 23:13:13.982805
21.847,2585.72,21.884,4762.24,Hyperliquid,2023-10-15 23:13:13.982805
21.842,2459.37,21.886,4607.98,Hyperliquid,2023-10-15 23:13:13.982805
21.83,2744.68,21.888,4778.02,Hyperliquid,2023-10-15 23:13:13.982805
21.828,2622.77,21.889,5084.84,Hyperliquid,2023-10-15 23:13:13.982805
21.824,41.19,21.892,4521.73,Hyperliquid,2023-10-15 23:13:13.982805
21.796,60.0,21.901,45.7,Hyperliquid,2023-10-15 23:13:13.982805
21.775,5274.43,21.903,2574.44,Hyperliquid,2023-10-15 23:13:13.982805
21.767,80.0,21.904,2422.22,Hyperliquid,2023-10-15 23:13:13.982805
21.739,80.0,21.91,2598.58,Hyperliquid,2023-10-15 23:13:13.982805
21.711,80.0,21.911,2361.29,Hyperliquid,2023-10-15 23:13:13.982805
21.667,26556.02,21.933,2740.87,Hyperliquid,2023-10-15 23:13:13.982805
21.605,13206.8,21.935,2825.22,Hyperliquid,2023-10-15 23:13:13.982805
21.563,12804.95,21.984,5411.33,Hyperliquid,2023-10-15 23:13:13.982805
21.403,13564.24,22.055,26075.4,Hyperliquid,2023-10-15 23:13:13.982805
21.986,492.93,21.992,9.13,Hyperliquid,2023-10-16 01:01:41.798849
21.983,5016.0,21.993,492.56,Hyperliquid,2023-10-16 01:01:41.798849
21.98,2717.85,21.997,4531.11,Hyperliquid,2023-10-16 01:01:41.798849
21.979,2821.25,22.001,4717.47,Hyperliquid,2023-10-16 01:01:41.798849
21.977,45.46,22.007,10.75,Hyperliquid,2023-10-16 01:01:41.798849
21.967,5545.63,22.017,45.44,Hyperliquid,2023-10-16 01:01:41.798849
21.947,2681.98,22.02,4740.69,Hyperliquid,2023-10-16 01:01:41.798849
21.946,2470.93,22.054,2825.38,Hyperliquid,2023-10-16 01:01:41.798849
21.907,2333.07,22.055,2365.24,Hyperliquid,2023-10-16 01:01:41.798849
21.895,2812.18,22.104,2722.6,Hyperliquid,2023-10-16 01:01:41.798849
21.824,41.19,22.113,2398.43,Hyperliquid,2023-10-16 01:01:41.798849
21.817,14227.69,22.193,12930.87,Hyperliquid,2023-10-16 01:01:41.798849
21.812,13211.05,22.203,11505.6,Hyperliquid,2023-10-16 01:01:41.798849
21.796,60.0,22.264,25080.2,Hyperliquid,2023-10-16 01:01:41.798849
21.767,80.0,22.274,51.98,Hyperliquid,2023-10-16 01:01:41.798849
21.739,80.0,22.4,6155.75,Hyperliquid,2023-10-16 01:01:41.798849
21.728,12363.84,22.443,11766.24,Hyperliquid,2023-10-16 01:01:41.798849
21.719,13824.18,22.497,13596.09,Hyperliquid,2023-10-16 01:01:41.798849
21.711,80.0,22.65,48.08,Hyperliquid,2023-10-16 01:01:41.798849
21.554,12291.31,22.674,49.33,Hyperliquid,2023-10-16 01:01:41.798849
22.2,524.32,22.207,224.73,Hyperliquid,2023-10-16 02:22:50.825084
22.197,2488.64,22.208,228.08,Hyperliquid,2023-10-16 02:22:50.825084
22.196,2450.85,22.21,237.96,Hyperliquid,2023-10-16 02:22:50.825084
22.193,5294.95,22.211,4759.38,Hyperliquid,2023-10-16 02:22:50.825084
22.184,11.8,22.213,4373.25,Hyperliquid,2023-10-16 02:22:50.825084
22.177,4980.94,22.214,2400.56,Hyperliquid,2023-10-16 02:22:50.825084
22.171,5070.52,22.217,2539.93,Hyperliquid,2023-10-16 02:22:50.825084
22.148,5402.09,22.218,10.75,Hyperliquid,2023-10-16 02:22:50.825084
22.118,2514.25,22.227,45.02,Hyperliquid,2023-10-16 02:22:50.825084
22.117,2541.2,22.229,2469.03,Hyperliquid,2023-10-16 02:22:50.825084
22.009,13751.63,22.232,2460.82,Hyperliquid,2023-10-16 02:22:50.825084
22.005,12374.92,22.237,2419.83,Hyperliquid,2023-10-16 02:22:50.825084
21.942,13924.02,22.255,2352.29,Hyperliquid,2023-10-16 02:22:50.825084
21.895,13467.43,22.258,2467.09,Hyperliquid,2023-10-16 02:22:50.825084
21.824,41.19,22.274,51.98,Hyperliquid,2023-10-16 02:22:50.825084
21.796,60.0,22.321,5080.4,Hyperliquid,2023-10-16 02:22:50.825084
21.767,80.0,22.4,6155.75,Hyperliquid,2023-10-16 02:22:50.825084
21.739,80.0,22.426,12993.19,Hyperliquid,2023-10-16 02:22:50.825084
21.735,11982.19,22.431,12771.56,Hyperliquid,2023-10-16 02:22:50.825084
21.711,80.0,22.525,26443.09,Hyperliquid,2023-10-16 02:22:50.825084
22.036,6.21,22.042,480.97,Hyperliquid,2023-10-16 03:14:35.451309
22.035,251.05,22.045,4672.44,Hyperliquid,2023-10-16 03:14:35.451309
22.033,2810.21,22.048,11.8,Hyperliquid,2023-10-16 03:14:35.451309
22.031,2561.86,22.049,4716.22,Hyperliquid,2023-10-16 03:14:35.451309
22.03,2806.58,22.056,10.75,Hyperliquid,2023-10-16 03:14:35.451309
22.028,2449.02,22.064,45.36,Hyperliquid,2023-10-16 03:14:35.451309
22.024,45.36,22.066,4832.21,Hyperliquid,2023-10-16 03:14:35.451309
22.022,11.8,22.101,2548.26,Hyperliquid,2023-10-16 03:14:35.451309
22.012,5222.18,22.102,2479.2,Hyperliquid,2023-10-16 03:14:35.451309
21.995,4935.51,22.141,2729.87,Hyperliquid,2023-10-16 03:14:35.451309
21.951,2367.76,22.15,2386.14,Hyperliquid,2023-10-16 03:14:35.451309
21.95,2639.4,22.245,13581.03,Hyperliquid,2023-10-16 03:14:35.451309
21.854,14225.83,22.257,13842.57,Hyperliquid,2023-10-16 03:14:35.451309
21.849,12177.45,22.274,51.98,Hyperliquid,2023-10-16 03:14:35.451309
21.824,41.19,22.39,13079.2,Hyperliquid,2023-10-16 03:14:35.451309
21.796,60.0,22.391,11467.09,Hyperliquid,2023-10-16 03:14:35.451309
21.779,12514.19,22.4,6155.75,Hyperliquid,2023-10-16 03:14:35.451309
21.773,13472.38,22.557,12550.35,Hyperliquid,2023-10-16 03:14:35.451309
21.767,80.0,22.609,11690.74,Hyperliquid,2023-10-16 03:14:35.451309
21.739,80.0,22.65,48.08,Hyperliquid,2023-10-16 03:14:35.451309
22.107,530.07,22.112,8.27,Hyperliquid,2023-10-16 04:16:36.118682
22.105,5149.22,22.114,474.46,Hyperliquid,2023-10-16 04:16:36.118682
22.102,4705.93,22.118,4837.81,Hyperliquid,2023-10-16 04:16:36.118682
22.101,11.8,22.121,4764.8,Hyperliquid,2023-10-16 04:16:36.118682
22.098,45.22,22.127,11.8,Hyperliquid,2023-10-16 04:16:36.118682
22.09,5167.91,22.129,45.21,Hyperliquid,2023-10-16 04:16:36.118682
22.071,2664.58,22.135,10.75,Hyperliquid,2023-10-16 04:16:36.118682
22.07,2534.46,22.139,2313.6,Hyperliquid,2023-10-16 04:16:36.118682
22.036,2574.87,22.143,2180.5,Hyperliquid,2023-10-16 04:16:36.118682
22.029,2632.32,22.167,2449.86,Hyperliquid,2023-10-16 04:16:36.118682
21.928,12153.25,22.169,2397.69,Hyperliquid,2023-10-16 04:16:36.118682
21.927,13940.65,22.217,2691.79,Hyperliquid,2023-10-16 04:16:36.118682
21.838,13707.71,22.223,2660.19,Hyperliquid,2023-10-16 04:16:36.118682
21.829,13154.11,22.274,51.98,Hyperliquid,2023-10-16 04:16:36.118682
21.824,41.19,22.333,13689.59,Hyperliquid,2023-10-16 04:16:36.118682
21.796,60.0,22.352,13422.79,Hyperliquid,2023-10-16 04:16:36.118682
21.767,80.0,22.4,6155.75,Hyperliquid,2023-10-16 04:16:36.118682
21.739,80.0,22.457,25694.74,Hyperliquid,2023-10-16 04:16:36.118682
21.711,80.0,22.557,12550.35,Hyperliquid,2023-10-16 04:16:36.118682
21.68,13382.92,22.609,11690.74,Hyperliquid,2023-10-16 04:16:36.118682
22.144,278.66,22.152,506.64,Hyperliquid,2023-10-16 05:13:24.912577
22.143,263.91,22.155,4572.64,Hyperliquid,2023-10-16 05:13:24.912577
22.141,5316.12,22.157,11.8,Hyperliquid,2023-10-16 05:13:24.912577
22.139,2750.74,22.158,4645.71,Hyperliquid,2023-10-16 05:13:24.912577
22.138,2433.59,22.165,10.75,Hyperliquid,2023-10-16 05:13:24.912577
22.132,11.8,22.172,45.14,Hyperliquid,2023-10-16 05:13:24.912577
22.125,2524.66,22.173,4797.56,Hyperliquid,2023-10-16 05:13:24.912577
22.123,2700.88,22.2,2764.1,Hyperliquid,2023-10-16 05:13:24.912577
22.1,2363.93,22.206,2535.13,Hyperliquid,2023-10-16 05:13:24.912577
22.095,2706.12,22.247,2407.26,Hyperliquid,2023-10-16 05:13:24.912577
22.065,2772.66,22.265,2706.18,Hyperliquid,2023-10-16 05:13:24.912577
22.045,2391.77,22.274,51.98,Hyperliquid,2023-10-16 05:13:24.912577
21.966,12665.38,22.354,13563.55,Hyperliquid,2023-10-16 05:13:24.912577
21.963,11792.29,22.378,13577.8,Hyperliquid,2023-10-16 05:13:24.912577
21.893,12254.15,22.4,6155.75,Hyperliquid,2023-10-16 05:13:24.912577
21.884,12864.68,22.457,25694.74,Hyperliquid,2023-10-16 05:13:24.912577
21.824,41.19,22.609,11690.74,Hyperliquid,2023-10-16 05:13:24.912577
21.796,60.0,22.65,48.08,Hyperliquid,2023-10-16 05:13:24.912577
21.767,80.0,22.663,12446.3,Hyperliquid,2023-10-16 05:13:24.912577
21.739,80.0,22.674,49.33,Hyperliquid,2023-10-16 05:13:24.912577
22.575,521.1,22.583,55.3,Hyperliquid,2023-10-16 06:19:16.270371
22.572,44.29,22.584,531.96,Hyperliquid,2023-10-16 06:19:16.270371
22.57,5301.88,22.589,9909.98,Hyperliquid,2023-10-16 06:19:16.270371
22.568,4911.73,22.591,10.75,Hyperliquid,2023-10-16 06:19:16.270371
22.556,10.75,22.602,44.26,Hyperliquid,2023-10-16 06:19:16.270371
22.548,4823.45,22.609,5063.41,Hyperliquid,2023-10-16 06:19:16.270371
22.524,5091.87,22.63,2753.66,Hyperliquid,2023-10-16 06:19:16.270371
22.476,5380.26,22.64,2550.09,Hyperliquid,2023-10-16 06:19:16.270371
22.406,13834.03,22.685,5018.67,Hyperliquid,2023-10-16 06:19:16.270371
22.398,12158.05,22.77,54.35,Hyperliquid,2023-10-16 06:19:16.270371
22.294,11690.07,22.776,13146.2,Hyperliquid,2023-10-16 06:19:16.270371
22.293,13262.14,22.787,11291.22,Hyperliquid,2023-10-16 06:19:16.270371
22.191,12592.35,22.793,55.6,Hyperliquid,2023-10-16 06:19:16.270371
22.142,13660.52,22.817,56.86,Hyperliquid,2023-10-16 06:19:16.270371
21.824,41.19,22.841,58.11,Hyperliquid,2023-10-16 06:19:16.270371
21.796,60.0,22.863,11317.52,Hyperliquid,2023-10-16 06:19:16.270371
21.767,80.0,22.865,59.36,Hyperliquid,2023-10-16 06:19:16.270371
21.739,80.0,22.889,60.62,Hyperliquid,2023-10-16 06:19:16.270371
21.711,80.0,22.913,61.87,Hyperliquid,2023-10-16 06:19:16.270371
17.5,800.0,22.914,12228.95,Hyperliquid,2023-10-16 06:19:16.270371
22.512,508.45,22.518,539.07,Hyperliquid,2023-10-16 07:13:18.482910
22.51,44.41,22.522,5058.51,Hyperliquid,2023-10-16 07:13:18.482910
22.509,4849.12,22.526,4873.83,Hyperliquid,2023-10-16 07:13:18.482910
22.506,4951.39,22.534,10.75,Hyperliquid,2023-10-16 07:13:18.482910
22.499,10.75,22.541,5266.76,Hyperliquid,2023-10-16 07:13:18.482910
22.491,5107.25,22.569,2735.97,Hyperliquid,2023-10-16 07:13:18.482910
22.467,5059.54,22.572,2760.5,Hyperliquid,2023-10-16 07:13:18.482910
22.424,2290.57,22.615,4624.97,Hyperliquid,2023-10-16 07:13:18.482910
22.42,2491.27,22.717,12326.53,Hyperliquid,2023-10-16 07:13:18.482910
22.357,13801.84,22.736,13611.51,Hyperliquid,2023-10-16 07:13:18.482910
22.325,12970.82,22.77,54.35,Hyperliquid,2023-10-16 07:13:18.482910
22.23,25309.0,22.793,55.6,Hyperliquid,2023-10-16 07:13:18.482910
22.095,13092.94,22.798,13612.05,Hyperliquid,2023-10-16 07:13:18.482910
22.046,12318.42,22.806,11816.51,Hyperliquid,2023-10-16 07:13:18.482910
21.824,41.19,22.817,56.86,Hyperliquid,2023-10-16 07:13:18.482910
21.796,60.0,22.841,58.11,Hyperliquid,2023-10-16 07:13:18.482910
21.767,80.0,22.865,59.36,Hyperliquid,2023-10-16 07:13:18.482910
21.739,80.0,22.889,60.62,Hyperliquid,2023-10-16 07:13:18.482910
21.711,80.0,22.913,61.87,Hyperliquid,2023-10-16 07:13:18.482910
17.5,800.0,22.937,63.13,Hyperliquid,2023-10-16 07:13:18.482910
22.811,485.24,22.819,503.65,Hyperliquid,2023-10-16 08:18:33.241044
22.808,4761.5,22.82,18.04,Hyperliquid,2023-10-16 08:18:33.241044
22.804,5255.29,22.821,462.42,Hyperliquid,2023-10-16 08:18:33.241044
22.798,10.75,22.824,5163.67,Hyperliquid,2023-10-16 08:18:33.241044
22.795,43.82,22.828,2302.7,Hyperliquid,2023-10-16 08:18:33.241044
22.787,2476.85,22.83,2555.04,Hyperliquid,2023-10-16 08:18:33.241044
22.785,2572.26,22.833,10.75,Hyperliquid,2023-10-16 08:18:33.241044
22.764,5190.33,22.849,4781.54,Hyperliquid,2023-10-16 08:18:33.241044
22.725,2360.05,22.873,2626.97,Hyperliquid,2023-10-16 08:18:33.241044
22.713,2535.78,22.877,2633.76,Hyperliquid,2023-10-16 08:18:33.241044
22.624,11474.38,22.914,2666.61,Hyperliquid,2023-10-16 08:18:33.241044
22.609,13580.38,22.931,2618.07,Hyperliquid,2023-10-16 08:18:33.241044
22.531,11439.6,22.985,65.64,Hyperliquid,2023-10-16 08:18:33.241044
22.529,13017.82,23.009,66.89,Hyperliquid,2023-10-16 08:18:33.241044
22.401,6725.07,23.03,24967.32,Hyperliquid,2023-10-16 08:18:33.241044
22.335,11668.67,23.033,68.14,Hyperliquid,2023-10-16 08:18:33.241044
21.824,41.19,23.057,69.4,Hyperliquid,2023-10-16 08:18:33.241044
21.796,60.0,23.08,70.65,Hyperliquid,2023-10-16 08:18:33.241044
21.767,80.0,23.104,71.91,Hyperliquid,2023-10-16 08:18:33.241044
21.739,80.0,23.128,12019.14,Hyperliquid,2023-10-16 08:18:33.241044
22.682,2.76,22.689,496.46,Hyperliquid,2023-10-16 09:15:00.977402
22.681,528.1,22.694,4548.1,Hyperliquid,2023-10-16 09:15:00.977402
22.676,4836.39,22.699,4682.31,Hyperliquid,2023-10-16 09:15:00.977402
22.675,4715.88,22.705,44.07,Hyperliquid,2023-10-16 09:15:00.977402
22.673,10.75,22.707,10.75,Hyperliquid,2023-10-16 09:15:00.977402
22.672,44.08,22.72,2495.14,Hyperliquid,2023-10-16 09:15:00.977402
22.657,2654.2,22.721,2690.4,Hyperliquid,2023-10-16 09:15:00.977402
22.653,2406.99,22.745,2562.23,Hyperliquid,2023-10-16 09:15:00.977402
22.624,4855.0,22.748,2362.18,Hyperliquid,2023-10-16 09:15:00.977402
22.583,2463.2,22.794,2508.98,Hyperliquid,2023-10-16 09:15:00.977402
22.576,2315.6,22.795,2251.68,Hyperliquid,2023-10-16 09:15:00.977402
22.492,11648.3,22.862,13153.89,Hyperliquid,2023-10-16 09:15:00.977402
22.481,13042.67,22.867,13528.02,Hyperliquid,2023-10-16 09:15:00.977402
22.348,25596.62,22.952,11205.57,Hyperliquid,2023-10-16 09:15:00.977402
22.241,11555.35,22.955,13313.59,Hyperliquid,2023-10-16 09:15:00.977402
22.207,12926.99,22.985,65.64,Hyperliquid,2023-10-16 09:15:00.977402
21.824,41.19,23.009,66.89,Hyperliquid,2023-10-16 09:15:00.977402
21.796,60.0,23.033,68.14,Hyperliquid,2023-10-16 09:15:00.977402
21.767,80.0,23.057,69.4,Hyperliquid,2023-10-16 09:15:00.977402
21.739,80.0,23.08,70.65,Hyperliquid,2023-10-16 09:15:00.977402
22.891,1.11,22.899,489.41,Hyperliquid,2023-10-16 10:15:31.960669
22.89,459.6,22.903,4592.34,Hyperliquid,2023-10-16 10:15:31.960669
22.889,4786.71,22.907,4391.27,Hyperliquid,2023-10-16 10:15:31.960669
22.886,2581.72,22.912,10.75,Hyperliquid,2023-10-16 10:15:31.960669
22.884,2609.53,22.916,43.67,Hyperliquid,2023-10-16 10:15:31.960669
22.882,2606.02,22.927,2266.26,Hyperliquid,2023-10-16 10:15:31.960669
22.881,43.66,22.93,2486.12,Hyperliquid,2023-10-16 10:15:31.960669
22.877,10.75,22.959,2394.16,Hyperliquid,2023-10-16 10:15:31.960669
22.867,2651.95,22.96,2445.28,Hyperliquid,2023-10-16 10:15:31.960669
22.864,2655.01,22.985,65.64,Hyperliquid,2023-10-16 10:15:31.960669
22.842,2624.22,23.006,4735.42,Hyperliquid,2023-10-16 10:15:31.960669
22.837,2557.12,23.009,66.89,Hyperliquid,2023-10-16 10:15:31.960669
22.803,2518.75,23.033,68.14,Hyperliquid,2023-10-16 10:15:31.960669
22.799,2575.91,23.057,69.4,Hyperliquid,2023-10-16 10:15:31.960669
22.716,12014.1,23.08,70.65,Hyperliquid,2023-10-16 10:15:31.960669
22.692,12971.04,23.086,13114.57,Hyperliquid,2023-10-16 10:15:31.960669
22.579,12890.46,23.104,71.91,Hyperliquid,2023-10-16 10:15:31.960669
22.577,12904.18,23.128,11401.01,Hyperliquid,2023-10-16 10:15:31.960669
22.433,11783.44,23.152,74.41,Hyperliquid,2023-10-16 10:15:31.960669
22.397,12051.17,23.176,75.67,Hyperliquid,2023-10-16 10:15:31.960669
22.976,226.58,22.983,487.73,Hyperliquid,2023-10-16 11:12:10.720007
22.974,267.82,22.986,4555.13,Hyperliquid,2023-10-16 11:12:10.720007
22.972,4586.85,22.991,4975.35,Hyperliquid,2023-10-16 11:12:10.720007
22.968,4728.31,22.995,10.75,Hyperliquid,2023-10-16 11:12:10.720007
22.963,43.51,22.997,43.51,Hyperliquid,2023-10-16 11:12:10.720007
22.96,10.75,23.004,4543.86,Hyperliquid,2023-10-16 11:12:10.720007
22.953,5020.05,23.033,2624.69,Hyperliquid,2023-10-16 11:12:10.720007
22.921,4590.13,23.035,2553.9,Hyperliquid,2023-10-16 11:12:10.720007
22.868,2434.06,23.057,69.4,Hyperliquid,2023-10-16 11:12:10.720007
22.866,2499.15,23.064,2318.53,Hyperliquid,2023-10-16 11:12:10.720007
22.797,13598.87,23.069,2574.75,Hyperliquid,2023-10-16 11:12:10.720007
22.777,12966.57,23.08,70.65,Hyperliquid,2023-10-16 11:12:10.720007
22.7,25127.18,23.104,71.91,Hyperliquid,2023-10-16 11:12:10.720007
22.534,12352.71,23.128,73.16,Hyperliquid,2023-10-16 11:12:10.720007
22.495,12413.86,23.152,74.41,Hyperliquid,2023-10-16 11:12:10.720007
22.12,40.0,23.176,75.67,Hyperliquid,2023-10-16 11:12:10.720007
21.824,41.19,23.184,24228.8,Hyperliquid,2023-10-16 11:12:10.720007
21.796,60.0,23.2,76.92,Hyperliquid,2023-10-16 11:12:10.720007
21.767,80.0,23.272,13009.14,Hyperliquid,2023-10-16 11:12:10.720007
21.739,80.0,23.276,11343.36,Hyperliquid,2023-10-16 11:12:10.720007
23.085,240.84,23.096,479.36,Hyperliquid,2023-10-16 12:28:06.062914
23.084,5133.99,23.098,253.73,Hyperliquid,2023-10-16 12:28:06.062914
23.08,9948.86,23.099,235.55,Hyperliquid,2023-10-16 12:28:06.062914
23.076,4918.39,23.1,2674.98,Hyperliquid,2023-10-16 12:28:06.062914
23.061,2305.87,23.101,2873.09,Hyperliquid,2023-10-16 12:28:06.062914
23.056,2208.43,23.103,2465.19,Hyperliquid,2023-10-16 12:28:06.062914
23.03,2509.18,23.104,4803.43,Hyperliquid,2023-10-16 12:28:06.062914
23.027,2682.79,23.105,2485.66,Hyperliquid,2023-10-16 12:28:06.062914
23.016,10.35,23.108,5012.48,Hyperliquid,2023-10-16 12:28:06.062914
22.975,4819.75,23.109,43.3,Hyperliquid,2023-10-16 12:28:06.062914
22.898,12971.89,23.12,5035.16,Hyperliquid,2023-10-16 12:28:06.062914
22.894,11153.91,23.145,4983.29,Hyperliquid,2023-10-16 12:28:06.062914
22.827,12417.67,23.176,75.67,Hyperliquid,2023-10-16 12:28:06.062914
22.826,13509.28,23.2,76.92,Hyperliquid,2023-10-16 12:28:06.062914
22.634,11915.24,23.203,5038.66,Hyperliquid,2023-10-16 12:28:06.062914
22.618,11384.47,23.281,12662.23,Hyperliquid,2023-10-16 12:28:06.062914
22.12,40.0,23.306,10957.21,Hyperliquid,2023-10-16 12:28:06.062914
21.824,41.19,23.426,22643.57,Hyperliquid,2023-10-16 12:28:06.062914
21.796,60.0,23.631,11415.54,Hyperliquid,2023-10-16 12:28:06.062914
21.767,80.0,23.634,12011.14,Hyperliquid,2023-10-16 12:28:06.062914
23.298,481.44,23.308,420.95,Hyperliquid,2023-10-16 13:18:29.431250
23.297,29.01,23.312,4400.79,Hyperliquid,2023-10-16 13:18:29.431250
23.296,479.39,23.316,2313.1,Hyperliquid,2023-10-16 13:18:29.431250
23.294,4649.83,23.317,2059.04,Hyperliquid,2023-10-16 13:18:29.431250
23.292,5067.09,23.32,10.75,Hyperliquid,2023-10-16 13:18:29.431250
23.29,4811.81,23.323,42.9,Hyperliquid,2023-10-16 13:18:29.431250
23.289,2292.55,23.34,2194.71,Hyperliquid,2023-10-16 13:18:29.431250
23.287,2572.08,23.344,2325.7,Hyperliquid,2023-10-16 13:18:29.431250
23.285,10.75,23.376,4877.31,Hyperliquid,2023-10-16 13:18:29.431250
23.283,42.91,23.43,2547.25,Hyperliquid,2023-10-16 13:18:29.431250
23.273,2228.85,23.433,2406.3,Hyperliquid,2023-10-16 13:18:29.431250
23.269,2226.35,23.537,11980.0,Hyperliquid,2023-10-16 13:18:29.431250
23.251,5085.18,23.581,12056.62,Hyperliquid,2023-10-16 13:18:29.431250
23.21,2617.95,23.65,11523.45,Hyperliquid,2023-10-16 13:18:29.431250
23.2,2213.29,23.719,11428.48,Hyperliquid,2023-10-16 13:18:29.431250
23.113,12655.27,23.864,11693.41,Hyperliquid,2023-10-16 13:18:29.431250
23.095,12658.79,23.871,12346.83,Hyperliquid,2023-10-16 13:18:29.431250
23.013,24483.99,28.4,500.0,Hyperliquid,2023-10-16 13:18:29.431250
22.849,12694.92,,,Hyperliquid,2023-10-16 13:18:29.431250
22.826,13436.83,,,Hyperliquid,2023-10-16 13:18:29.431250
23.442,755.62,23.451,425.05,Hyperliquid,2023-10-16 15:14:41.063552
23.44,236.01,23.458,4082.91,Hyperliquid,2023-10-16 15:14:41.063552
23.437,2207.52,23.459,10.75,Hyperliquid,2023-10-16 15:14:41.063552
23.436,2552.15,23.462,4016.72,Hyperliquid,2023-10-16 15:14:41.063552
23.433,4812.22,23.479,42.64,Hyperliquid,2023-10-16 15:14:41.063552
23.432,42.64,23.489,3926.53,Hyperliquid,2023-10-16 15:14:41.063552
23.424,10.75,23.523,4908.94,Hyperliquid,2023-10-16 15:14:41.063552
23.416,5208.79,23.568,2486.01,Hyperliquid,2023-10-16 15:14:41.063552
23.392,4673.52,23.569,2282.35,Hyperliquid,2023-10-16 15:14:41.063552
23.335,2371.29,23.662,12619.92,Hyperliquid,2023-10-16 15:14:41.063552
23.333,2313.06,23.675,10834.37,Hyperliquid,2023-10-16 15:14:41.063552
23.249,11976.48,23.751,12165.37,Hyperliquid,2023-10-16 15:14:41.063552
23.209,11920.84,23.789,12620.52,Hyperliquid,2023-10-16 15:14:41.063552
23.141,23983.86,23.87,658.88,Hyperliquid,2023-10-16 15:14:41.063552
22.943,12324.36,24.041,10994.13,Hyperliquid,2023-10-16 15:14:41.063552
22.907,13135.84,24.042,11864.3,Hyperliquid,2023-10-16 15:14:41.063552
21.824,41.19,28.4,500.0,Hyperliquid,2023-10-16 15:14:41.063552
21.796,60.0,,,Hyperliquid,2023-10-16 15:14:41.063552
21.767,80.0,,,Hyperliquid,2023-10-16 15:14:41.063552
21.739,80.0,,,Hyperliquid,2023-10-16 15:14:41.063552
23.268,489.21,23.279,403.08,Hyperliquid,2023-10-16 16:18:46.670348
23.266,2577.0,23.284,4626.74,Hyperliquid,2023-10-16 16:18:46.670348
23.265,2310.37,23.286,3.14,Hyperliquid,2023-10-16 16:18:46.670348
23.261,2188.04,23.292,2390.03,Hyperliquid,2023-10-16 16:18:46.670348
23.258,2714.22,23.293,2131.41,Hyperliquid,2023-10-16 16:18:46.670348
23.257,10.75,23.3,42.95,Hyperliquid,2023-10-16 16:18:46.670348
23.247,4714.82,23.312,2240.76,Hyperliquid,2023-10-16 16:18:46.670348
23.224,2339.33,23.319,2027.72,Hyperliquid,2023-10-16 16:18:46.670348
23.223,2113.04,23.342,2567.81,Hyperliquid,2023-10-16 16:18:46.670348
23.187,2284.65,23.346,2530.76,Hyperliquid,2023-10-16 16:18:46.670348
23.18,2385.03,23.404,2402.68,Hyperliquid,2023-10-16 16:18:46.670348
23.054,12867.05,23.41,2510.92,Hyperliquid,2023-10-16 16:18:46.670348
23.053,12620.19,23.519,11135.81,Hyperliquid,2023-10-16 16:18:46.670348
22.939,24477.75,23.532,11879.77,Hyperliquid,2023-10-16 16:18:46.670348
22.789,12055.27,23.588,84.79,Hyperliquid,2023-10-16 16:18:46.670348
22.741,13199.05,23.611,11197.78,Hyperliquid,2023-10-16 16:18:46.670348
21.824,41.19,23.641,10400.31,Hyperliquid,2023-10-16 16:18:46.670348
21.796,60.0,23.8,11828.63,Hyperliquid,2023-10-16 16:18:46.670348
21.767,80.0,23.802,11064.17,Hyperliquid,2023-10-16 16:18:46.670348
21.739,80.0,23.87,658.88,Hyperliquid,2023-10-16 16:18:46.670348
23.402,502.11,23.412,476.03,Hyperliquid,2023-10-16 17:12:46.218942
23.396,5126.73,23.419,2306.1,Hyperliquid,2023-10-16 17:12:46.218942
23.395,4828.05,23.42,2155.27,Hyperliquid,2023-10-16 17:12:46.218942
23.394,10.75,23.423,1973.05,Hyperliquid,2023-10-16 17:12:46.218942
23.393,42.71,23.427,2220.16,Hyperliquid,2023-10-16 17:12:46.218942
23.376,2252.67,23.429,10.75,Hyperliquid,2023-10-16 17:12:46.218942
23.374,2284.45,23.44,42.72,Hyperliquid,2023-10-16 17:12:46.218942
23.345,2311.53,23.449,4506.52,Hyperliquid,2023-10-16 17:12:46.218942
23.343,2284.85,23.48,4361.37,Hyperliquid,2023-10-16 17:12:46.218942
23.298,4482.09,23.537,2449.67,Hyperliquid,2023-10-16 17:12:46.218942
23.217,12597.64,23.556,2392.12,Hyperliquid,2023-10-16 17:12:46.218942
23.215,12848.85,23.588,84.79,Hyperliquid,2023-10-16 17:12:46.218942
23.12,12741.52,23.643,12877.94,Hyperliquid,2023-10-16 17:12:46.218942
23.118,11834.5,23.675,10329.0,Hyperliquid,2023-10-16 17:12:46.218942
22.889,12335.21,23.755,10819.67,Hyperliquid,2023-10-16 17:12:46.218942
22.839,13237.51,23.783,11042.36,Hyperliquid,2023-10-16 17:12:46.218942
17.5,800.0,23.87,658.88,Hyperliquid,2023-10-16 17:12:46.218942
16.5,1000.0,23.916,10772.34,Hyperliquid,2023-10-16 17:12:46.218942
15.555,155.48,23.917,12439.1,Hyperliquid,2023-10-16 17:12:46.218942
10.0,50.0,28.4,500.0,Hyperliquid,2023-10-16 17:12:46.218942
23.605,519.77,23.615,425.33,Hyperliquid,2023-10-16 18:18:58.162469
23.601,4702.38,23.62,4543.34,Hyperliquid,2023-10-16 18:18:58.162469
23.597,4442.16,23.625,4638.69,Hyperliquid,2023-10-16 18:18:58.162469
23.595,10.75,23.63,10.75,Hyperliquid,2023-10-16 18:18:58.162469
23.593,42.36,23.639,42.36,Hyperliquid,2023-10-16 18:18:58.162469
23.577,4811.88,23.641,2002.2,Hyperliquid,2023-10-16 18:18:58.162469
23.551,2519.22,23.647,2354.06,Hyperliquid,2023-10-16 18:18:58.162469
23.545,2522.69,23.677,4793.87,Hyperliquid,2023-10-16 18:18:58.162469
23.505,2570.52,23.729,2359.96,Hyperliquid,2023-10-16 18:18:58.162469
23.503,2495.15,23.732,2319.52,Hyperliquid,2023-10-16 18:18:58.162469
23.49,4.4,23.828,12687.67,Hyperliquid,2023-10-16 18:18:58.162469
23.417,12702.91,23.859,11523.98,Hyperliquid,2023-10-16 18:18:58.162469
23.411,11980.92,23.87,658.88,Hyperliquid,2023-10-16 18:18:58.162469
23.346,12638.25,23.986,10777.2,Hyperliquid,2023-10-16 18:18:58.162469
23.297,13036.23,24.004,10983.95,Hyperliquid,2023-10-16 18:18:58.162469
23.158,11719.95,24.148,11469.53,Hyperliquid,2023-10-16 18:18:58.162469
23.082,11523.36,24.159,11696.92,Hyperliquid,2023-10-16 18:18:58.162469
17.5,800.0,28.4,500.0,Hyperliquid,2023-10-16 18:18:58.162469
16.5,1000.0,,,Hyperliquid,2023-10-16 18:18:58.162469
15.555,155.48,,,Hyperliquid,2023-10-16 18:18:58.162469
24.024,486.94,24.037,203.58,Hyperliquid,2023-10-16 19:11:50.141694
24.023,2430.28,24.038,196.06,Hyperliquid,2023-10-16 19:11:50.141694
24.021,2256.19,24.039,228.39,Hyperliquid,2023-10-16 19:11:50.141694
24.019,2375.8,24.04,227.19,Hyperliquid,2023-10-16 19:11:50.141694
24.016,2272.46,24.043,2264.19,Hyperliquid,2023-10-16 19:11:50.141694
24.015,2190.84,24.044,1893.25,Hyperliquid,2023-10-16 19:11:50.141694
24.012,41.6,24.046,1993.69,Hyperliquid,2023-10-16 19:11:50.141694
23.998,2238.34,24.05,10.75,Hyperliquid,2023-10-16 19:11:50.141694
23.996,2214.48,24.051,1945.79,Hyperliquid,2023-10-16 19:11:50.141694
23.963,2219.35,24.052,2103.62,Hyperliquid,2023-10-16 19:11:50.141694
23.96,2520.28,24.065,41.61,Hyperliquid,2023-10-16 19:11:50.141694
23.929,2443.85,24.076,4061.99,Hyperliquid,2023-10-16 19:11:50.141694
23.914,2148.39,24.094,2269.03,Hyperliquid,2023-10-16 19:11:50.141694
23.835,10396.25,24.105,2066.81,Hyperliquid,2023-10-16 19:11:50.141694
23.819,12482.37,24.17,4323.08,Hyperliquid,2023-10-16 19:11:50.141694
23.73,11308.01,24.287,10208.18,Hyperliquid,2023-10-16 19:11:50.141694
23.71,11296.27,24.309,10891.61,Hyperliquid,2023-10-16 19:11:50.141694
23.588,11280.91,24.405,10525.7,Hyperliquid,2023-10-16 19:11:50.141694
23.565,11677.9,24.441,8481.09,Hyperliquid,2023-10-16 19:11:50.141694
17.5,800.0,24.65,10996.05,Hyperliquid,2023-10-16 19:11:50.141694
23.974,517.46,23.982,435.31,Hyperliquid,2023-10-16 20:15:19.613591
23.972,5219.99,23.984,422.57,Hyperliquid,2023-10-16 20:15:19.613591
23.969,9758.9,23.988,2323.64,Hyperliquid,2023-10-16 20:15:19.613591
23.968,459.25,23.989,4493.0,Hyperliquid,2023-10-16 20:15:19.613591
23.967,9246.88,23.994,4303.54,Hyperliquid,2023-10-16 20:15:19.613591
23.963,5073.39,23.998,10.75,Hyperliquid,2023-10-16 20:15:19.613591
23.948,4281.78,24.013,4185.03,Hyperliquid,2023-10-16 20:15:19.613591
23.94,4750.71,24.016,41.71,Hyperliquid,2023-10-16 20:15:19.613591
23.921,2606.81,24.036,4911.28,Hyperliquid,2023-10-16 20:15:19.613591
23.914,2607.36,24.09,4361.09,Hyperliquid,2023-10-16 20:15:19.613591
23.873,2521.5,24.182,12695.17,Hyperliquid,2023-10-16 20:15:19.613591
23.853,2249.46,24.212,10674.81,Hyperliquid,2023-10-16 20:15:19.613591
23.85,2212.7,24.295,12199.86,Hyperliquid,2023-10-16 20:15:19.613591
23.773,11985.01,24.332,10688.97,Hyperliquid,2023-10-16 20:15:19.613591
23.744,12926.51,24.537,10283.34,Hyperliquid,2023-10-16 20:15:19.613591
23.657,12285.38,24.539,10699.6,Hyperliquid,2023-10-16 20:15:19.613591
23.648,12365.43,28.4,500.0,Hyperliquid,2023-10-16 20:15:19.613591
23.483,12505.62,,,Hyperliquid,2023-10-16 20:15:19.613591
23.457,11419.89,,,Hyperliquid,2023-10-16 20:15:19.613591
23.383,11718.79,,,Hyperliquid,2023-10-16 20:15:19.613591
23.673,446.36,23.681,224.25,Hyperliquid,2023-10-16 21:12:42.995343
23.67,469.83,23.684,393.15,Hyperliquid,2023-10-16 21:12:42.995343
23.668,499.12,23.685,2081.85,Hyperliquid,2023-10-16 21:12:42.995343
23.666,4541.95,23.687,2262.87,Hyperliquid,2023-10-16 21:12:42.995343
23.664,2282.67,23.688,4053.35,Hyperliquid,2023-10-16 21:12:42.995343
23.662,4839.55,23.689,2176.19,Hyperliquid,2023-10-16 21:12:42.995343
23.661,2283.79,23.693,4624.72,Hyperliquid,2023-10-16 21:12:42.995343
23.659,2211.77,23.701,42.25,Hyperliquid,2023-10-16 21:12:42.995343
23.658,2415.21,23.707,4561.85,Hyperliquid,2023-10-16 21:12:42.995343
23.656,2376.27,23.716,2227.69,Hyperliquid,2023-10-16 21:12:42.995343
23.639,5054.54,23.717,2335.13,Hyperliquid,2023-10-16 21:12:42.995343
23.617,4904.51,23.728,2271.97,Hyperliquid,2023-10-16 21:12:42.995343
23.605,2290.66,23.74,2174.44,Hyperliquid,2023-10-16 21:12:42.995343
23.603,2611.94,23.745,2552.23,Hyperliquid,2023-10-16 21:12:42.995343
23.557,4706.31,23.786,2295.2,Hyperliquid,2023-10-16 21:12:42.995343
23.472,12875.25,23.787,2247.2,Hyperliquid,2023-10-16 21:12:42.995343
23.456,11203.26,23.929,11088.52,Hyperliquid,2023-10-16 21:12:42.995343
23.394,11556.47,23.939,12066.02,Hyperliquid,2023-10-16 21:12:42.995343
23.343,10843.67,24.049,11335.02,Hyperliquid,2023-10-16 21:12:42.995343
23.18,11534.37,24.081,11097.8,Hyperliquid,2023-10-16 21:12:42.995343
24.002,457.43,24.011,414.51,Hyperliquid,2023-10-16 22:13:04.979358
24.0,246.57,24.016,4344.37,Hyperliquid,2023-10-16 22:13:04.979358
23.999,233.95,24.022,4452.28,Hyperliquid,2023-10-16 22:13:04.979358
23.998,5200.34,24.039,4265.73,Hyperliquid,2023-10-16 22:13:04.979358
23.995,5006.01,24.04,41.66,Hyperliquid,2023-10-16 22:13:04.979358
23.994,4468.49,24.049,3881.74,Hyperliquid,2023-10-16 22:13:04.979358
23.991,4817.2,24.058,2408.58,Hyperliquid,2023-10-16 22:13:04.979358
23.985,10.75,24.071,2403.18,Hyperliquid,2023-10-16 22:13:04.979358
23.982,2256.82,24.073,2256.77,Hyperliquid,2023-10-16 22:13:04.979358
23.976,2301.07,24.117,2351.54,Hyperliquid,2023-10-16 22:13:04.979358
23.974,2451.49,24.137,2353.1,Hyperliquid,2023-10-16 22:13:04.979358
23.969,2289.32,24.246,11661.37,Hyperliquid,2023-10-16 22:13:04.979358
23.957,4667.63,24.262,11103.68,Hyperliquid,2023-10-16 22:13:04.979358
23.944,4473.15,24.34,37.81,Hyperliquid,2023-10-16 22:13:04.979358
23.888,2223.01,24.353,10238.44,Hyperliquid,2023-10-16 22:13:04.979358
23.887,2335.31,24.39,10374.91,Hyperliquid,2023-10-16 22:13:04.979358
23.799,12447.95,24.554,11269.0,Hyperliquid,2023-10-16 22:13:04.979358
23.792,11373.62,24.555,12245.98,Hyperliquid,2023-10-16 22:13:04.979358
23.713,12219.02,28.4,500.0,Hyperliquid,2023-10-16 22:13:04.979358
23.698,11609.51,,,Hyperliquid,2023-10-16 22:13:04.979358
24.083,2.34,24.092,391.5,Hyperliquid,2023-10-16 23:13:43.168479
24.082,450.66,24.096,4083.3,Hyperliquid,2023-10-16 23:13:43.168479
24.081,4904.18,24.102,10.75,Hyperliquid,2023-10-16 23:13:43.168479
24.077,4938.0,24.103,4484.88,Hyperliquid,2023-10-16 23:13:43.168479
24.07,41.51,24.121,4313.64,Hyperliquid,2023-10-16 23:13:43.168479
24.067,10.75,24.155,4857.75,Hyperliquid,2023-10-16 23:13:43.168479
24.057,4737.69,24.195,2217.73,Hyperliquid,2023-10-16 23:13:43.168479
24.031,2311.87,24.215,2317.27,Hyperliquid,2023-10-16 23:13:43.168479
24.027,2540.15,24.307,11181.27,Hyperliquid,2023-10-16 23:13:43.168479
23.982,2214.22,24.336,10712.91,Hyperliquid,2023-10-16 23:13:43.168479
23.967,2221.94,24.438,11956.0,Hyperliquid,2023-10-16 23:13:43.168479
23.868,23075.08,24.469,11186.7,Hyperliquid,2023-10-16 23:13:43.168479
23.778,11315.82,24.5,5000.0,Hyperliquid,2023-10-16 23:13:43.168479
23.75,11269.86,24.6,2172.28,Hyperliquid,2023-10-16 23:13:43.168479
23.584,11446.18,24.676,12148.31,Hyperliquid,2023-10-16 23:13:43.168479
23.556,11755.38,24.677,11674.04,Hyperliquid,2023-10-16 23:13:43.168479
17.5,800.0,24.75,2000.0,Hyperliquid,2023-10-16 23:13:43.168479
16.5,1000.0,24.82,37.81,Hyperliquid,2023-10-16 23:13:43.168479
15.555,155.48,28.4,500.0,Hyperliquid,2023-10-16 23:13:43.168479
10.0,50.0,,,Hyperliquid,2023-10-16 23:13:43.168479
23.805,469.99,23.813,446.37,Hyperliquid,2023-10-17 01:00:56.616106
23.799,4585.0,23.82,4445.59,Hyperliquid,2023-10-17 01:00:56.616106
23.797,4737.12,23.824,4164.41,Hyperliquid,2023-10-17 01:00:56.616106
23.789,10.75,23.825,10.75,Hyperliquid,2023-10-17 01:00:56.616106
23.785,41.99,23.832,41.99,Hyperliquid,2023-10-17 01:00:56.616106
23.781,5018.56,23.85,4433.69,Hyperliquid,2023-10-17 01:00:56.616106
23.754,5134.97,23.877,2577.92,Hyperliquid,2023-10-17 01:00:56.616106
23.704,2465.14,23.882,2207.1,Hyperliquid,2023-10-17 01:00:56.616106
23.699,2419.44,23.934,2182.39,Hyperliquid,2023-10-17 01:00:56.616106
23.619,24737.75,23.947,2436.81,Hyperliquid,2023-10-17 01:00:56.616106
23.517,11085.63,24.035,12972.29,Hyperliquid,2023-10-17 01:00:56.616106
23.495,12727.62,24.046,12087.91,Hyperliquid,2023-10-17 01:00:56.616106
23.44,100.0,24.16,12864.13,Hyperliquid,2023-10-17 01:00:56.616106
23.364,11426.53,24.18,11484.54,Hyperliquid,2023-10-17 01:00:56.616106
23.354,12713.92,24.442,22168.48,Hyperliquid,2023-10-17 01:00:56.616106
17.5,800.0,24.5,5000.0,Hyperliquid,2023-10-17 01:00:56.616106
16.5,1000.0,24.6,2172.28,Hyperliquid,2023-10-17 01:00:56.616106
15.555,155.48,24.75,2000.0,Hyperliquid,2023-10-17 01:00:56.616106
10.0,50.0,24.82,37.81,Hyperliquid,2023-10-17 01:00:56.616106
,,28.4,500.0,Hyperliquid,2023-10-17 01:00:56.616106
24.048,454.34,24.058,407.47,Hyperliquid,2023-10-17 02:21:26.167298
24.047,4662.17,24.061,401.5,Hyperliquid,2023-10-17 02:21:26.167298
24.043,4671.45,24.062,4359.03,Hyperliquid,2023-10-17 02:21:26.167298
24.042,4925.16,24.063,216.65,Hyperliquid,2023-10-17 02:21:26.167298
24.033,10.75,24.064,202.67,Hyperliquid,2023-10-17 02:21:26.167298
24.031,2362.45,24.065,4205.7,Hyperliquid,2023-10-17 02:21:26.167298
24.028,2256.05,24.067,4559.45,Hyperliquid,2023-10-17 02:21:26.167298
24.022,2388.1,24.068,10.75,Hyperliquid,2023-10-17 02:21:26.167298
24.02,2576.57,24.07,8402.8,Hyperliquid,2023-10-17 02:21:26.167298
24.004,2461.46,24.075,4522.73,Hyperliquid,2023-10-17 02:21:26.167298
24.001,2212.24,24.091,41.54,Hyperliquid,2023-10-17 02:21:26.167298
23.974,2431.59,24.095,2120.44,Hyperliquid,2023-10-17 02:21:26.167298
23.956,2399.36,24.096,2034.24,Hyperliquid,2023-10-17 02:21:26.167298
23.949,2557.62,24.125,2276.12,Hyperliquid,2023-10-17 02:21:26.167298
23.859,12461.75,24.129,2475.68,Hyperliquid,2023-10-17 02:21:26.167298
23.856,11164.61,24.193,2514.2,Hyperliquid,2023-10-17 02:21:26.167298
23.812,12328.85,24.198,2450.92,Hyperliquid,2023-10-17 02:21:26.167298
23.803,12284.36,24.3,11950.37,Hyperliquid,2023-10-17 02:21:26.167298
23.75,13064.82,24.31,10601.3,Hyperliquid,2023-10-17 02:21:26.167298
23.662,10931.34,24.322,2.6,Hyperliquid,2023-10-17 02:21:26.167298
24.075,452.95,24.082,433.22,Hyperliquid,2023-10-17 03:14:09.519131
24.071,4378.19,24.088,3909.55,Hyperliquid,2023-10-17 03:14:09.519131
24.069,4652.68,24.091,2279.19,Hyperliquid,2023-10-17 03:14:09.519131
24.061,10.75,24.092,2227.63,Hyperliquid,2023-10-17 03:14:09.519131
24.059,41.52,24.096,10.75,Hyperliquid,2023-10-17 03:14:09.519131
24.055,2504.15,24.112,2279.05,Hyperliquid,2023-10-17 03:14:09.519131
24.05,2413.9,24.117,2074.98,Hyperliquid,2023-10-17 03:14:09.519131
24.033,2388.21,24.14,4483.47,Hyperliquid,2023-10-17 03:14:09.519131
24.03,3.03,24.199,2159.59,Hyperliquid,2023-10-17 03:14:09.519131
24.025,2595.37,24.202,2285.11,Hyperliquid,2023-10-17 03:14:09.519131
23.985,2442.56,24.305,10636.63,Hyperliquid,2023-10-17 03:14:09.519131
23.977,2234.54,24.315,12564.83,Hyperliquid,2023-10-17 03:14:09.519131
23.89,12995.1,24.416,11967.54,Hyperliquid,2023-10-17 03:14:09.519131
23.854,12659.02,24.466,12487.19,Hyperliquid,2023-10-17 03:14:09.519131
23.807,11366.22,24.5,5000.0,Hyperliquid,2023-10-17 03:14:09.519131
23.797,12512.45,24.6,2172.28,Hyperliquid,2023-10-17 03:14:09.519131
23.559,12621.46,24.698,11112.86,Hyperliquid,2023-10-17 03:14:09.519131
23.55,12818.49,24.701,11556.39,Hyperliquid,2023-10-17 03:14:09.519131
17.5,800.0,24.75,2000.0,Hyperliquid,2023-10-17 03:14:09.519131
16.5,1000.0,24.82,37.81,Hyperliquid,2023-10-17 03:14:09.519131
23.985,227.01,23.995,3.04,Hyperliquid,2023-10-17 04:16:38.795405
23.984,239.96,23.998,187.22,Hyperliquid,2023-10-17 04:16:38.795405
23.98,2470.64,23.999,202.16,Hyperliquid,2023-10-17 04:16:38.795405
23.978,2123.06,24.003,1952.16,Hyperliquid,2023-10-17 04:16:38.795405
23.977,10.75,24.004,1988.11,Hyperliquid,2023-10-17 04:16:38.795405
23.976,2291.45,24.009,2024.14,Hyperliquid,2023-10-17 04:16:38.795405
23.972,2258.21,24.01,1958.11,Hyperliquid,2023-10-17 04:16:38.795405
23.968,41.67,24.012,10.75,Hyperliquid,2023-10-17 04:16:38.795405
23.951,2436.28,24.023,41.69,Hyperliquid,2023-10-17 04:16:38.795405
23.95,2370.2,24.037,3954.28,Hyperliquid,2023-10-17 04:16:38.795405
23.93,4678.66,24.067,2421.69,Hyperliquid,2023-10-17 04:16:38.795405
23.879,2273.35,24.069,2149.07,Hyperliquid,2023-10-17 04:16:38.795405
23.857,2387.12,24.126,2378.9,Hyperliquid,2023-10-17 04:16:38.795405
23.78,10733.61,24.13,2225.21,Hyperliquid,2023-10-17 04:16:38.795405
23.757,13004.38,24.215,12354.96,Hyperliquid,2023-10-17 04:16:38.795405
23.681,11435.94,24.223,12049.76,Hyperliquid,2023-10-17 04:16:38.795405
23.667,12540.2,24.33,11297.72,Hyperliquid,2023-10-17 04:16:38.795405
23.458,13032.56,24.351,11090.97,Hyperliquid,2023-10-17 04:16:38.795405
23.451,12871.42,24.5,5000.0,Hyperliquid,2023-10-17 04:16:38.795405
17.5,800.0,24.581,10825.49,Hyperliquid,2023-10-17 04:16:38.795405
24.03,472.39,24.039,222.6,Hyperliquid,2023-10-17 05:12:46.645358
24.029,4508.23,24.04,198.92,Hyperliquid,2023-10-17 05:12:46.645358
24.028,2527.52,24.041,386.17,Hyperliquid,2023-10-17 05:12:46.645358
24.025,2462.09,24.044,4330.62,Hyperliquid,2023-10-17 05:12:46.645358
24.023,2587.89,24.046,4059.13,Hyperliquid,2023-10-17 05:12:46.645358
24.02,10.75,24.048,2098.2,Hyperliquid,2023-10-17 05:12:46.645358
24.015,41.6,24.049,2148.95,Hyperliquid,2023-10-17 05:12:46.645358
24.008,2169.19,24.051,1971.81,Hyperliquid,2023-10-17 05:12:46.645358
24.006,2185.3,24.055,10.75,Hyperliquid,2023-10-17 05:12:46.645358
23.983,2329.85,24.069,41.6,Hyperliquid,2023-10-17 05:12:46.645358
23.982,2483.29,24.072,4171.56,Hyperliquid,2023-10-17 05:12:46.645358
23.947,4868.09,24.101,2422.19,Hyperliquid,2023-10-17 05:12:46.645358
23.862,11638.71,24.102,2335.61,Hyperliquid,2023-10-17 05:12:46.645358
23.861,10716.81,24.16,2265.61,Hyperliquid,2023-10-17 05:12:46.645358
23.776,12277.23,24.163,2421.85,Hyperliquid,2023-10-17 05:12:46.645358
23.768,10926.82,24.295,10590.43,Hyperliquid,2023-10-17 05:12:46.645358
23.603,11515.26,24.298,12313.49,Hyperliquid,2023-10-17 05:12:46.645358
23.547,11297.55,24.414,11601.41,Hyperliquid,2023-10-17 05:12:46.645358
17.5,800.0,24.432,10536.58,Hyperliquid,2023-10-17 05:12:46.645358
16.5,1000.0,24.5,5000.0,Hyperliquid,2023-10-17 05:12:46.645358
23.82,491.71,23.832,432.05,Hyperliquid,2023-10-17 06:19:09.391949
23.817,4371.22,23.833,4890.36,Hyperliquid,2023-10-17 06:19:09.391949
23.816,4926.11,23.838,8549.18,Hyperliquid,2023-10-17 06:19:09.391949
23.813,5013.28,23.842,3967.05,Hyperliquid,2023-10-17 06:19:09.391949
23.81,10.75,23.843,4402.07,Hyperliquid,2023-10-17 06:19:09.391949
23.809,41.95,23.847,4217.54,Hyperliquid,2023-10-17 06:19:09.391949
23.804,4990.07,23.86,3944.27,Hyperliquid,2023-10-17 06:19:09.391949
23.796,4738.5,23.868,4380.41,Hyperliquid,2023-10-17 06:19:09.391949
23.779,2485.45,23.87,41.88,Hyperliquid,2023-10-17 06:19:09.391949
23.778,2601.79,23.896,2558.89,Hyperliquid,2023-10-17 06:19:09.391949
23.735,4680.52,23.898,2539.33,Hyperliquid,2023-10-17 06:19:09.391949
23.637,11214.76,23.909,2256.38,Hyperliquid,2023-10-17 06:19:09.391949
23.636,13184.35,23.958,2153.09,Hyperliquid,2023-10-17 06:19:09.391949
23.562,12855.67,23.963,2440.68,Hyperliquid,2023-10-17 06:19:09.391949
23.53,11339.21,24.094,12361.78,Hyperliquid,2023-10-17 06:19:09.391949
23.402,12030.17,24.102,10867.01,Hyperliquid,2023-10-17 06:19:09.391949
23.337,12067.96,24.197,12664.06,Hyperliquid,2023-10-17 06:19:09.391949
17.5,800.0,24.208,10982.86,Hyperliquid,2023-10-17 06:19:09.391949
16.5,1000.0,24.47,11702.1,Hyperliquid,2023-10-17 06:19:09.391949
15.555,155.48,24.475,12676.33,Hyperliquid,2023-10-17 06:19:09.391949
23.949,463.93,23.957,226.04,Hyperliquid,2023-10-17 07:13:25.321626
23.945,4932.49,23.959,218.52,Hyperliquid,2023-10-17 07:13:25.321626
23.943,4583.17,23.96,4672.3,Hyperliquid,2023-10-17 07:13:25.321626
23.94,10.75,23.967,3873.83,Hyperliquid,2023-10-17 07:13:25.321626
23.939,41.75,23.975,10.75,Hyperliquid,2023-10-17 07:13:25.321626
23.921,4601.47,23.985,41.74,Hyperliquid,2023-10-17 07:13:25.321626
23.898,4674.33,23.988,4423.16,Hyperliquid,2023-10-17 07:13:25.321626
23.838,2150.68,24.009,2408.66,Hyperliquid,2023-10-17 07:13:25.321626
23.837,2175.1,24.014,2132.84,Hyperliquid,2023-10-17 07:13:25.321626
23.715,24072.67,24.056,4947.75,Hyperliquid,2023-10-17 07:13:25.321626
23.649,13152.62,24.152,11849.64,Hyperliquid,2023-10-17 07:13:25.321626
23.628,11144.92,24.159,12750.27,Hyperliquid,2023-10-17 07:13:25.321626
23.441,11024.55,24.285,22395.55,Hyperliquid,2023-10-17 07:13:25.321626
23.393,13192.93,24.471,12183.9,Hyperliquid,2023-10-17 07:13:25.321626
17.5,800.0,24.478,11018.55,Hyperliquid,2023-10-17 07:13:25.321626
16.5,1000.0,24.5,5000.0,Hyperliquid,2023-10-17 07:13:25.321626
15.555,155.48,24.6,2172.28,Hyperliquid,2023-10-17 07:13:25.321626
10.0,50.0,24.75,2000.0,Hyperliquid,2023-10-17 07:13:25.321626
,,24.82,37.81,Hyperliquid,2023-10-17 07:13:25.321626
,,28.4,500.0,Hyperliquid,2023-10-17 07:13:25.321626
24.067,1.87,24.068,1.21,Hyperliquid,2023-10-17 08:18:33.810179
24.062,485.38,24.07,398.11,Hyperliquid,2023-10-17 08:18:33.810179
24.059,2446.97,24.077,4477.1,Hyperliquid,2023-10-17 08:18:33.810179
24.057,2168.4,24.08,2176.04,Hyperliquid,2023-10-17 08:18:33.810179
24.055,2449.37,24.082,2044.21,Hyperliquid,2023-10-17 08:18:33.810179
24.053,2141.3,24.088,10.75,Hyperliquid,2023-10-17 08:18:33.810179
24.052,10.75,24.102,1930.94,Hyperliquid,2023-10-17 08:18:33.810179
24.046,41.54,24.103,41.52,Hyperliquid,2023-10-17 08:18:33.810179
24.034,4416.57,24.104,2057.89,Hyperliquid,2023-10-17 08:18:33.810179
24.011,2460.23,24.143,2139.1,Hyperliquid,2023-10-17 08:18:33.810179
24.009,2165.41,24.144,2341.08,Hyperliquid,2023-10-17 08:18:33.810179
23.968,2284.48,24.201,2123.47,Hyperliquid,2023-10-17 08:18:33.810179
23.959,2349.4,24.209,2466.89,Hyperliquid,2023-10-17 08:18:33.810179
23.883,10884.02,24.331,22557.27,Hyperliquid,2023-10-17 08:18:33.810179
23.876,11683.62,24.454,10953.88,Hyperliquid,2023-10-17 08:18:33.810179
23.778,12223.08,24.458,11504.42,Hyperliquid,2023-10-17 08:18:33.810179
23.751,11640.41,24.5,5000.0,Hyperliquid,2023-10-17 08:18:33.810179
23.643,11635.71,24.6,2172.28,Hyperliquid,2023-10-17 08:18:33.810179
23.592,11805.96,24.721,12304.68,Hyperliquid,2023-10-17 08:18:33.810179
17.5,800.0,24.727,11093.65,Hyperliquid,2023-10-17 08:18:33.810179
24.362,505.46,24.374,442.53,Hyperliquid,2023-10-17 09:14:16.387336
24.358,4713.01,24.377,4273.31,Hyperliquid,2023-10-17 09:14:16.387336
24.353,2200.43,24.381,2186.62,Hyperliquid,2023-10-17 09:14:16.387336
24.352,41.04,24.382,2083.56,Hyperliquid,2023-10-17 09:14:16.387336
24.35,2431.55,24.384,10.75,Hyperliquid,2023-10-17 09:14:16.387336
24.348,10.75,24.397,41.04,Hyperliquid,2023-10-17 09:14:16.387336
24.337,2327.08,24.404,4294.83,Hyperliquid,2023-10-17 09:14:16.387336
24.329,2170.25,24.434,4496.92,Hyperliquid,2023-10-17 09:14:16.387336
24.314,4363.03,24.499,2409.91,Hyperliquid,2023-10-17 09:14:16.387336
24.26,2152.81,24.5,2397.88,Hyperliquid,2023-10-17 09:14:16.387336
24.257,2132.64,24.596,11467.49,Hyperliquid,2023-10-17 09:14:16.387336
24.171,22663.02,24.6,2172.28,Hyperliquid,2023-10-17 09:14:16.387336
24.063,11451.37,24.621,11083.81,Hyperliquid,2023-10-17 09:14:16.387336
24.04,11866.4,24.723,11080.79,Hyperliquid,2023-10-17 09:14:16.387336
23.91,11798.14,24.739,10680.89,Hyperliquid,2023-10-17 09:14:16.387336
23.875,11744.98,24.75,2000.0,Hyperliquid,2023-10-17 09:14:16.387336
17.5,800.0,24.82,37.81,Hyperliquid,2023-10-17 09:14:16.387336
16.5,1000.0,25.013,11907.01,Hyperliquid,2023-10-17 09:14:16.387336
15.555,155.48,25.014,10430.1,Hyperliquid,2023-10-17 09:14:16.387336
10.0,50.0,28.4,500.0,Hyperliquid,2023-10-17 09:14:16.387336
24.41,3.55,24.412,0.54,Hyperliquid,2023-10-17 10:15:11.489480
24.404,448.66,24.414,429.47,Hyperliquid,2023-10-17 10:15:11.489480
24.402,4376.0,24.419,3966.84,Hyperliquid,2023-10-17 10:15:11.489480
24.396,4468.79,24.426,10.4,Hyperliquid,2023-10-17 10:15:11.489480
24.391,40.95,24.427,4026.34,Hyperliquid,2023-10-17 10:15:11.489480
24.38,2217.04,24.432,10.75,Hyperliquid,2023-10-17 10:15:11.489480
24.378,2519.89,24.447,2206.86,Hyperliquid,2023-10-17 10:15:11.489480
24.352,4721.18,24.449,2209.2,Hyperliquid,2023-10-17 10:15:11.489480
24.301,2520.97,24.45,40.96,Hyperliquid,2023-10-17 10:15:11.489480
24.292,2478.23,24.481,4557.26,Hyperliquid,2023-10-17 10:15:11.489480
24.209,24451.87,24.527,2248.91,Hyperliquid,2023-10-17 10:15:11.489480
24.128,12571.09,24.528,2111.77,Hyperliquid,2023-10-17 10:15:11.489480
24.105,10593.53,24.6,2172.28,Hyperliquid,2023-10-17 10:15:11.489480
23.908,10688.91,24.66,11470.95,Hyperliquid,2023-10-17 10:15:11.489480
23.875,11744.98,24.686,11596.39,Hyperliquid,2023-10-17 10:15:11.489480
17.5,800.0,24.749,10795.57,Hyperliquid,2023-10-17 10:15:11.489480
16.5,1000.0,24.75,2000.0,Hyperliquid,2023-10-17 10:15:11.489480
15.555,155.48,24.813,12146.2,Hyperliquid,2023-10-17 10:15:11.489480
10.0,50.0,24.82,37.81,Hyperliquid,2023-10-17 10:15:11.489480
,,25.022,11235.09,Hyperliquid,2023-10-17 10:15:11.489480
24.232,508.06,24.24,10.56,Hyperliquid,2023-10-17 11:11:54.074433
24.229,4468.27,24.241,206.05,Hyperliquid,2023-10-17 11:11:54.074433
24.228,19.33,24.244,201.97,Hyperliquid,2023-10-17 11:11:54.074433
24.224,2291.82,24.246,4094.0,Hyperliquid,2023-10-17 11:11:54.074433
24.222,2124.9,24.251,1962.17,Hyperliquid,2023-10-17 11:11:54.074433
24.214,41.27,24.252,2158.94,Hyperliquid,2023-10-17 11:11:54.074433
24.206,2474.79,24.253,10.4,Hyperliquid,2023-10-17 11:11:54.074433
24.202,2414.44,24.257,10.4,Hyperliquid,2023-10-17 11:11:54.074433
24.178,2438.35,24.264,41.26,Hyperliquid,2023-10-17 11:11:54.074433
24.177,2113.02,24.268,3984.76,Hyperliquid,2023-10-17 11:11:54.074433
24.123,4993.45,24.295,2441.88,Hyperliquid,2023-10-17 11:11:54.074433
24.026,22823.26,24.303,2286.62,Hyperliquid,2023-10-17 11:11:54.074433
23.927,12936.36,24.352,2320.41,Hyperliquid,2023-10-17 11:11:54.074433
23.911,11874.36,24.353,2341.0,Hyperliquid,2023-10-17 11:11:54.074433
23.7,10839.09,24.458,10649.61,Hyperliquid,2023-10-17 11:11:54.074433
23.661,11461.36,24.487,12324.18,Hyperliquid,2023-10-17 11:11:54.074433
17.5,800.0,24.591,10877.74,Hyperliquid,2023-10-17 11:11:54.074433
16.5,1000.0,24.6,2172.28,Hyperliquid,2023-10-17 11:11:54.074433
15.555,155.48,24.608,11780.81,Hyperliquid,2023-10-17 11:11:54.074433
10.0,50.0,24.75,2000.0,Hyperliquid,2023-10-17 11:11:54.074433
24.101,3.98,24.108,209.9,Hyperliquid,2023-10-17 12:27:33.219571
24.099,460.99,24.11,386.21,Hyperliquid,2023-10-17 12:27:33.219571
24.098,4774.67,24.112,192.93,Hyperliquid,2023-10-17 12:27:33.219571
24.095,9508.55,24.113,3705.03,Hyperliquid,2023-10-17 12:27:33.219571
24.091,4941.36,24.116,4024.68,Hyperliquid,2023-10-17 12:27:33.219571
24.076,41.48,24.119,1917.98,Hyperliquid,2023-10-17 12:27:33.219571
24.075,2573.99,24.12,2056.44,Hyperliquid,2023-10-17 12:27:33.219571
24.072,2208.61,24.124,2063.11,Hyperliquid,2023-10-17 12:27:33.219571
24.045,2151.11,24.129,10.75,Hyperliquid,2023-10-17 12:27:33.219571
24.044,2485.78,24.143,3951.13,Hyperliquid,2023-10-17 12:27:33.219571
24.002,2402.97,24.178,2576.73,Hyperliquid,2023-10-17 12:27:33.219571
23.999,2539.23,24.181,2305.81,Hyperliquid,2023-10-17 12:27:33.219571
23.921,10712.78,24.259,2431.06,Hyperliquid,2023-10-17 12:27:33.219571
23.919,12328.7,24.261,2136.67,Hyperliquid,2023-10-17 12:27:33.219571
23.851,12794.56,24.377,12446.03,Hyperliquid,2023-10-17 12:27:33.219571
23.842,12958.05,24.411,12045.64,Hyperliquid,2023-10-17 12:27:33.219571
23.658,12966.69,24.517,12234.98,Hyperliquid,2023-10-17 12:27:33.219571
23.596,11995.46,24.528,11759.61,Hyperliquid,2023-10-17 12:27:33.219571
17.5,800.0,24.6,2172.28,Hyperliquid,2023-10-17 12:27:33.219571
16.5,1000.0,24.75,2000.0,Hyperliquid,2023-10-17 12:27:33.219571
23.98,497.03,23.99,216.49,Hyperliquid,2023-10-17 13:17:54.383900
23.976,4872.89,23.992,403.83,Hyperliquid,2023-10-17 13:17:54.383900
23.973,4762.19,23.998,4030.56,Hyperliquid,2023-10-17 13:17:54.383900
23.971,10.75,23.999,1985.55,Hyperliquid,2023-10-17 13:17:54.383900
23.962,41.69,24.0,41.68,Hyperliquid,2023-10-17 13:17:54.383900
23.955,2450.52,24.002,1842.5,Hyperliquid,2023-10-17 13:17:54.383900
23.954,2512.17,24.006,10.75,Hyperliquid,2023-10-17 13:17:54.383900
23.926,4425.91,24.008,10.4,Hyperliquid,2023-10-17 13:17:54.383900
23.896,2544.62,24.025,2080.5,Hyperliquid,2023-10-17 13:17:54.383900
23.889,2513.17,24.028,1919.29,Hyperliquid,2023-10-17 13:17:54.383900
23.775,11485.92,24.066,2458.91,Hyperliquid,2023-10-17 13:17:54.383900
23.771,10947.21,24.068,2370.22,Hyperliquid,2023-10-17 13:17:54.383900
23.671,13105.4,24.128,2524.74,Hyperliquid,2023-10-17 13:17:54.383900
23.654,12622.69,24.138,2197.51,Hyperliquid,2023-10-17 13:17:54.383900
23.489,12059.65,24.228,11996.15,Hyperliquid,2023-10-17 13:17:54.383900
23.448,10923.61,24.261,11766.15,Hyperliquid,2023-10-17 13:17:54.383900
17.5,800.0,24.369,10927.21,Hyperliquid,2023-10-17 13:17:54.383900
16.5,1000.0,24.384,11333.99,Hyperliquid,2023-10-17 13:17:54.383900
15.555,155.48,24.6,2172.28,Hyperliquid,2023-10-17 13:17:54.383900
10.0,50.0,24.639,12328.75,Hyperliquid,2023-10-17 13:17:54.383900
23.748,454.31,23.758,373.62,Hyperliquid,2023-10-17 14:12:55.135687
23.747,5115.75,23.759,395.53,Hyperliquid,2023-10-17 14:12:55.135687
23.744,8.68,23.762,4655.59,Hyperliquid,2023-10-17 14:12:55.135687
23.743,6997.52,23.764,3720.74,Hyperliquid,2023-10-17 14:12:55.135687
23.742,7276.5,23.765,10.4,Hyperliquid,2023-10-17 14:12:55.135687
23.737,4380.53,23.766,3999.17,Hyperliquid,2023-10-17 14:12:55.135687
23.736,10.4,23.767,1819.04,Hyperliquid,2023-10-17 14:12:55.135687
23.727,42.09,23.768,1992.09,Hyperliquid,2023-10-17 14:12:55.135687
23.719,4772.02,23.773,3978.79,Hyperliquid,2023-10-17 14:12:55.135687
23.69,4776.11,23.785,4269.53,Hyperliquid,2023-10-17 14:12:55.135687
23.649,2452.26,23.796,3833.32,Hyperliquid,2023-10-17 14:12:55.135687
23.634,2497.55,23.815,2240.62,Hyperliquid,2023-10-17 14:12:55.135687
23.625,2426.64,23.824,2346.56,Hyperliquid,2023-10-17 14:12:55.135687
23.564,11220.04,23.87,2568.27,Hyperliquid,2023-10-17 14:12:55.135687
23.553,12263.41,23.879,2493.4,Hyperliquid,2023-10-17 14:12:55.135687
23.47,12002.86,24.03,12319.95,Hyperliquid,2023-10-17 14:12:55.135687
23.469,12046.87,24.034,11264.78,Hyperliquid,2023-10-17 14:12:55.135687
23.295,12887.91,24.114,12414.38,Hyperliquid,2023-10-17 14:12:55.135687
23.232,11571.91,24.115,12095.49,Hyperliquid,2023-10-17 14:12:55.135687
17.5,800.0,24.37,10943.65,Hyperliquid,2023-10-17 14:12:55.135687
24.067,238.25,24.078,363.59,Hyperliquid,2023-10-17 15:14:41.903162
24.065,454.07,24.086,3551.05,Hyperliquid,2023-10-17 15:14:41.903162
24.063,438.75,24.088,10.75,Hyperliquid,2023-10-17 15:14:41.903162
24.059,4724.31,24.09,10.4,Hyperliquid,2023-10-17 15:14:41.903162
24.056,2401.04,24.091,1926.98,Hyperliquid,2023-10-17 15:14:41.903162
24.055,2375.88,24.092,1724.26,Hyperliquid,2023-10-17 15:14:41.903162
24.053,2079.5,24.106,41.53,Hyperliquid,2023-10-17 15:14:41.903162
24.051,2342.55,24.119,1953.02,Hyperliquid,2023-10-17 15:14:41.903162
24.046,41.54,24.12,1787.52,Hyperliquid,2023-10-17 15:14:41.903162
24.035,2093.27,24.154,2255.68,Hyperliquid,2023-10-17 15:14:41.903162
24.034,2199.53,24.155,2295.04,Hyperliquid,2023-10-17 15:14:41.903162
24.012,2268.07,24.208,2396.9,Hyperliquid,2023-10-17 15:14:41.903162
24.006,2357.4,24.219,2128.34,Hyperliquid,2023-10-17 15:14:41.903162
23.961,2546.97,24.333,22504.86,Hyperliquid,2023-10-17 15:14:41.903162
23.951,2143.5,24.439,22493.53,Hyperliquid,2023-10-17 15:14:41.903162
23.852,12618.52,24.6,2172.28,Hyperliquid,2023-10-17 15:14:41.903162
23.851,12432.44,24.637,9625.37,Hyperliquid,2023-10-17 15:14:41.903162
23.779,25577.4,24.638,12256.76,Hyperliquid,2023-10-17 15:14:41.903162
23.594,12312.95,24.75,2000.0,Hyperliquid,2023-10-17 15:14:41.903162
23.538,12625.44,24.82,37.81,Hyperliquid,2023-10-17 15:14:41.903162
24.046,515.16,24.057,11.79,Hyperliquid,2023-10-17 16:18:31.095218
24.042,4912.8,24.058,388.33,Hyperliquid,2023-10-17 16:18:31.095218
24.036,4839.85,24.06,4019.92,Hyperliquid,2023-10-17 16:18:31.095218
24.03,52.33,24.065,2036.76,Hyperliquid,2023-10-17 16:18:31.095218
24.019,2568.93,24.066,2154.67,Hyperliquid,2023-10-17 16:18:31.095218
24.017,2485.69,24.067,10.4,Hyperliquid,2023-10-17 16:18:31.095218
23.994,4901.45,24.074,41.59,Hyperliquid,2023-10-17 16:18:31.095218
23.944,2602.0,24.09,2038.85,Hyperliquid,2023-10-17 16:18:31.095218
23.926,2195.05,24.091,2119.47,Hyperliquid,2023-10-17 16:18:31.095218
23.84,11410.33,24.111,2355.35,Hyperliquid,2023-10-17 16:18:31.095218
23.839,12100.86,24.117,2476.19,Hyperliquid,2023-10-17 16:18:31.095218
23.709,25135.13,24.167,2332.77,Hyperliquid,2023-10-17 16:18:31.095218
23.538,11520.96,24.17,2155.63,Hyperliquid,2023-10-17 16:18:31.095218
23.488,12264.2,24.339,10195.4,Hyperliquid,2023-10-17 16:18:31.095218
22.9,45.95,24.34,10798.6,Hyperliquid,2023-10-17 16:18:31.095218
17.5,800.0,24.45,22927.39,Hyperliquid,2023-10-17 16:18:31.095218
16.5,1000.0,24.6,2172.28,Hyperliquid,2023-10-17 16:18:31.095218
15.555,155.48,24.638,22295.13,Hyperliquid,2023-10-17 16:18:31.095218
10.0,50.0,24.75,2000.0,Hyperliquid,2023-10-17 16:18:31.095218
,,24.82,37.81,Hyperliquid,2023-10-17 16:18:31.095218
24.242,471.72,24.255,200.37,Hyperliquid,2023-10-17 17:12:25.736629
24.236,2299.39,24.257,376.22,Hyperliquid,2023-10-17 17:12:25.736629
24.235,2111.28,24.26,2067.28,Hyperliquid,2023-10-17 17:12:25.736629
24.231,2094.62,24.262,10.75,Hyperliquid,2023-10-17 17:12:25.736629
24.23,2394.17,24.263,1852.45,Hyperliquid,2023-10-17 17:12:25.736629
24.227,10.75,24.268,3898.83,Hyperliquid,2023-10-17 17:12:25.736629
24.221,41.24,24.271,41.24,Hyperliquid,2023-10-17 17:12:25.736629
24.211,4691.07,24.29,1896.09,Hyperliquid,2023-10-17 17:12:25.736629
24.186,2302.67,24.292,1958.4,Hyperliquid,2023-10-17 17:12:25.736629
24.179,2179.86,24.316,4530.87,Hyperliquid,2023-10-17 17:12:25.736629
24.142,2167.23,24.382,2400.1,Hyperliquid,2023-10-17 17:12:25.736629
24.141,8.89,24.395,2132.85,Hyperliquid,2023-10-17 17:12:25.736629
24.138,2328.49,24.518,10430.17,Hyperliquid,2023-10-17 17:12:25.736629
24.061,10759.06,24.524,11110.13,Hyperliquid,2023-10-17 17:12:25.736629
24.057,11846.07,24.6,2172.28,Hyperliquid,2023-10-17 17:12:25.736629
23.96,23357.45,24.707,10146.65,Hyperliquid,2023-10-17 17:12:25.736629
23.794,11449.86,24.711,12005.17,Hyperliquid,2023-10-17 17:12:25.736629
23.749,10621.07,24.75,2000.0,Hyperliquid,2023-10-17 17:12:25.736629
22.9,45.95,24.82,37.81,Hyperliquid,2023-10-17 17:12:25.736629
17.5,800.0,24.902,21981.42,Hyperliquid,2023-10-17 17:12:25.736629
24.071,462.27,24.079,193.46,Hyperliquid,2023-10-17 18:19:00.282789
