bid_price,bid_size,ask_price,ask_size,protocol_name,timestamp
0.805,6210.0,0.8051,31820.0,Vertex,2023-10-14 12:24:08.753483
0.8049,75300.0,0.8052,49680.0,Vertex,2023-10-14 12:24:08.753483
0.8048,19870.0,0.8053,62000.0,Vertex,2023-10-14 12:24:08.753483
0.8046,111840.0,0.8054,111740.0,Vertex,2023-10-14 12:24:08.753483
0.8044,33990.0,0.8056,12420.0,Vertex,2023-10-14 12:24:08.753483
0.804,38010.0,0.8057,45870.0,Vertex,2023-10-14 12:24:08.753483
0.8039,124210.0,0.8061,124100.0,Vertex,2023-10-14 12:24:08.753483
0.8034,16140.0,0.8081,7180.0,Vertex,2023-10-14 12:24:08.753483
0.8018,3100.0,0.8083,3100.0,Vertex,2023-10-14 12:24:08.753483
0.8015,3240.0,0.8775,100.0,Vertex,2023-10-14 12:24:08.753483
0.7998,100.0,,,Vertex,2023-10-14 12:24:08.753483
0.7967,220.0,,,Vertex,2023-10-14 12:24:08.753483
0.7901,750.0,,,Vertex,2023-10-14 12:24:08.753483
0.787,1500.0,,,Vertex,2023-10-14 12:24:08.753483
0.785,200.0,,,Vertex,2023-10-14 12:24:08.753483
0.78,200.0,,,Vertex,2023-10-14 12:24:08.753483
0.775,250.0,,,Vertex,2023-10-14 12:24:08.753483
0.77,250.0,,,Vertex,2023-10-14 12:24:08.753483
0.766,2000.0,,,Vertex,2023-10-14 12:24:08.753483
0.765,250.0,,,Vertex,2023-10-14 12:24:08.753483
0.76,250.0,,,Vertex,2023-10-14 12:24:08.753483
0.755,250.0,,,Vertex,2023-10-14 12:24:08.753483
0.75,300.0,,,Vertex,2023-10-14 12:24:08.753483
0.7465,220.0,,,Vertex,2023-10-14 12:24:08.753483
0.745,300.0,,,Vertex,2023-10-14 12:24:08.753483
0.8049,33050.0,0.805,74520.0,Vertex,2023-10-14 13:14:31.190217
0.8048,68320.0,0.8051,6980.0,Vertex,2023-10-14 13:14:31.190217
0.8046,145840.0,0.8052,19860.0,Vertex,2023-10-14 13:14:31.190217
0.8043,38010.0,0.8053,111750.0,Vertex,2023-10-14 13:14:31.190217
0.8038,124130.0,0.8055,42130.0,Vertex,2023-10-14 13:14:31.190217
0.8035,16130.0,0.8057,12410.0,Vertex,2023-10-14 13:14:31.190217
0.8017,3100.0,0.806,45870.0,Vertex,2023-10-14 13:14:31.190217
0.8015,3240.0,0.8062,124130.0,Vertex,2023-10-14 13:14:31.190217
0.7998,100.0,0.808,3460.0,Vertex,2023-10-14 13:14:31.190217
0.7967,220.0,0.8081,3720.0,Vertex,2023-10-14 13:14:31.190217
0.7901,750.0,0.8082,3100.0,Vertex,2023-10-14 13:14:31.190217
0.787,1500.0,0.8775,100.0,Vertex,2023-10-14 13:14:31.190217
0.785,200.0,,,Vertex,2023-10-14 13:14:31.190217
0.78,200.0,,,Vertex,2023-10-14 13:14:31.190217
0.775,250.0,,,Vertex,2023-10-14 13:14:31.190217
0.77,250.0,,,Vertex,2023-10-14 13:14:31.190217
0.766,2000.0,,,Vertex,2023-10-14 13:14:31.190217
0.765,250.0,,,Vertex,2023-10-14 13:14:31.190217
0.76,250.0,,,Vertex,2023-10-14 13:14:31.190217
0.755,250.0,,,Vertex,2023-10-14 13:14:31.190217
0.75,300.0,,,Vertex,2023-10-14 13:14:31.190217
0.7465,220.0,,,Vertex,2023-10-14 13:14:31.190217
0.745,300.0,,,Vertex,2023-10-14 13:14:31.190217
0.74,300.0,,,Vertex,2023-10-14 13:14:31.190217
0.735,300.0,,,Vertex,2023-10-14 13:14:31.190217
0.8065,24780.0,0.8066,24780.0,Vertex,2023-10-14 14:11:10.851832
0.8064,76370.0,0.8067,118490.0,Vertex,2023-10-14 14:11:10.851832
0.8061,111640.0,0.8069,111530.0,Vertex,2023-10-14 14:11:10.851832
0.8058,33990.0,0.8072,58250.0,Vertex,2023-10-14 14:11:10.851832
0.8055,38010.0,0.8076,123890.0,Vertex,2023-10-14 14:11:10.851832
0.8052,139980.0,0.8097,7160.0,Vertex,2023-10-14 14:11:10.851832
0.8033,3090.0,0.8098,3090.0,Vertex,2023-10-14 14:11:10.851832
0.8031,3230.0,0.8775,100.0,Vertex,2023-10-14 14:11:10.851832
0.7998,100.0,,,Vertex,2023-10-14 14:11:10.851832
0.7967,220.0,,,Vertex,2023-10-14 14:11:10.851832
0.7901,750.0,,,Vertex,2023-10-14 14:11:10.851832
0.787,1500.0,,,Vertex,2023-10-14 14:11:10.851832
0.785,200.0,,,Vertex,2023-10-14 14:11:10.851832
0.78,200.0,,,Vertex,2023-10-14 14:11:10.851832
0.775,250.0,,,Vertex,2023-10-14 14:11:10.851832
0.77,250.0,,,Vertex,2023-10-14 14:11:10.851832
0.766,2000.0,,,Vertex,2023-10-14 14:11:10.851832
0.765,250.0,,,Vertex,2023-10-14 14:11:10.851832
0.76,250.0,,,Vertex,2023-10-14 14:11:10.851832
0.755,250.0,,,Vertex,2023-10-14 14:11:10.851832
0.75,300.0,,,Vertex,2023-10-14 14:11:10.851832
0.7465,220.0,,,Vertex,2023-10-14 14:11:10.851832
0.745,300.0,,,Vertex,2023-10-14 14:11:10.851832
0.74,300.0,,,Vertex,2023-10-14 14:11:10.851832
0.735,300.0,,,Vertex,2023-10-14 14:11:10.851832
0.8039,6210.0,0.804,81600.0,Vertex,2023-10-14 15:12:25.800387
0.8038,95300.0,0.8042,19890.0,Vertex,2023-10-14 15:12:25.800387
0.8036,111990.0,0.8043,154020.0,Vertex,2023-10-14 15:12:25.800387
0.8034,33990.0,0.8048,170220.0,Vertex,2023-10-14 15:12:25.800387
0.803,38010.0,0.8049,12430.0,Vertex,2023-10-14 15:12:25.800387
0.8029,12430.0,0.807,3730.0,Vertex,2023-10-14 15:12:25.800387
0.8027,124350.0,0.8071,3460.0,Vertex,2023-10-14 15:12:25.800387
0.8024,3730.0,0.8072,3100.0,Vertex,2023-10-14 15:12:25.800387
0.8007,3100.0,0.8775,100.0,Vertex,2023-10-14 15:12:25.800387
0.8004,3240.0,,,Vertex,2023-10-14 15:12:25.800387
0.7998,100.0,,,Vertex,2023-10-14 15:12:25.800387
0.7967,220.0,,,Vertex,2023-10-14 15:12:25.800387
0.7901,750.0,,,Vertex,2023-10-14 15:12:25.800387
0.787,1500.0,,,Vertex,2023-10-14 15:12:25.800387
0.785,200.0,,,Vertex,2023-10-14 15:12:25.800387
0.78,200.0,,,Vertex,2023-10-14 15:12:25.800387
0.775,250.0,,,Vertex,2023-10-14 15:12:25.800387
0.77,250.0,,,Vertex,2023-10-14 15:12:25.800387
0.766,2000.0,,,Vertex,2023-10-14 15:12:25.800387
0.765,250.0,,,Vertex,2023-10-14 15:12:25.800387
0.76,250.0,,,Vertex,2023-10-14 15:12:25.800387
0.755,250.0,,,Vertex,2023-10-14 15:12:25.800387
0.75,300.0,,,Vertex,2023-10-14 15:12:25.800387
0.7465,220.0,,,Vertex,2023-10-14 15:12:25.800387
0.745,300.0,,,Vertex,2023-10-14 15:12:25.800387
0.8076,101050.0,0.8077,6190.0,Vertex,2023-10-14 16:15:56.320702
0.8073,111480.0,0.8078,75040.0,Vertex,2023-10-14 16:15:56.320702
0.8069,33990.0,0.8079,61940.0,Vertex,2023-10-14 16:15:56.320702
0.8066,38010.0,0.8081,111370.0,Vertex,2023-10-14 16:15:56.320702
0.8063,139930.0,0.8083,45870.0,Vertex,2023-10-14 16:15:56.320702
0.8044,3090.0,0.8085,123840.0,Vertex,2023-10-14 16:15:56.320702
0.8041,3230.0,0.8086,12380.0,Vertex,2023-10-14 16:15:56.320702
0.7998,100.0,0.8106,3710.0,Vertex,2023-10-14 16:15:56.320702
0.7967,220.0,0.8107,3450.0,Vertex,2023-10-14 16:15:56.320702
0.7901,750.0,0.8109,3090.0,Vertex,2023-10-14 16:15:56.320702
0.787,1500.0,0.8775,100.0,Vertex,2023-10-14 16:15:56.320702
0.785,200.0,,,Vertex,2023-10-14 16:15:56.320702
0.78,200.0,,,Vertex,2023-10-14 16:15:56.320702
0.775,250.0,,,Vertex,2023-10-14 16:15:56.320702
0.77,250.0,,,Vertex,2023-10-14 16:15:56.320702
0.766,2000.0,,,Vertex,2023-10-14 16:15:56.320702
0.765,250.0,,,Vertex,2023-10-14 16:15:56.320702
0.76,250.0,,,Vertex,2023-10-14 16:15:56.320702
0.755,250.0,,,Vertex,2023-10-14 16:15:56.320702
0.75,300.0,,,Vertex,2023-10-14 16:15:56.320702
0.7465,220.0,,,Vertex,2023-10-14 16:15:56.320702
0.745,300.0,,,Vertex,2023-10-14 16:15:56.320702
0.74,300.0,,,Vertex,2023-10-14 16:15:56.320702
0.735,300.0,,,Vertex,2023-10-14 16:15:56.320702
0.73,300.0,,,Vertex,2023-10-14 16:15:56.320702
0.8061,31770.0,0.8062,74410.0,Vertex,2023-10-14 17:11:00.257604
0.806,69460.0,0.8063,6970.0,Vertex,2023-10-14 17:11:00.257604
0.8057,111700.0,0.8064,42130.0,Vertex,2023-10-14 17:11:00.257604
0.8055,33990.0,0.8065,131430.0,Vertex,2023-10-14 17:11:00.257604
0.8051,38010.0,0.8067,12400.0,Vertex,2023-10-14 17:11:00.257604
0.8048,140120.0,0.8068,45870.0,Vertex,2023-10-14 17:11:00.257604
0.8029,3090.0,0.807,124000.0,Vertex,2023-10-14 17:11:00.257604
0.8027,3230.0,0.8092,7180.0,Vertex,2023-10-14 17:11:00.257604
0.7998,100.0,0.8094,3090.0,Vertex,2023-10-14 17:11:00.257604
0.7967,220.0,0.8775,100.0,Vertex,2023-10-14 17:11:00.257604
0.7901,750.0,,,Vertex,2023-10-14 17:11:00.257604
0.787,1500.0,,,Vertex,2023-10-14 17:11:00.257604
0.785,200.0,,,Vertex,2023-10-14 17:11:00.257604
0.78,200.0,,,Vertex,2023-10-14 17:11:00.257604
0.775,250.0,,,Vertex,2023-10-14 17:11:00.257604
0.77,250.0,,,Vertex,2023-10-14 17:11:00.257604
0.766,2000.0,,,Vertex,2023-10-14 17:11:00.257604
0.765,250.0,,,Vertex,2023-10-14 17:11:00.257604
0.76,250.0,,,Vertex,2023-10-14 17:11:00.257604
0.755,250.0,,,Vertex,2023-10-14 17:11:00.257604
0.75,300.0,,,Vertex,2023-10-14 17:11:00.257604
0.7465,220.0,,,Vertex,2023-10-14 17:11:00.257604
0.745,300.0,,,Vertex,2023-10-14 17:11:00.257604
0.74,300.0,,,Vertex,2023-10-14 17:11:00.257604
0.735,300.0,,,Vertex,2023-10-14 17:11:00.257604
0.8052,74490.0,0.8053,74490.0,Vertex,2023-10-14 18:16:29.759978
0.8051,26830.0,0.8054,26830.0,Vertex,2023-10-14 18:16:29.759978
0.8049,111810.0,0.8055,42130.0,Vertex,2023-10-14 18:16:29.759978
0.8046,33990.0,0.8056,111710.0,Vertex,2023-10-14 18:16:29.759978
0.8041,38010.0,0.8059,45870.0,Vertex,2023-10-14 18:16:29.759978
0.8038,124120.0,0.806,136530.0,Vertex,2023-10-14 18:16:29.759978
0.8036,16130.0,0.808,3720.0,Vertex,2023-10-14 18:16:29.759978
0.802,3100.0,0.8082,3460.0,Vertex,2023-10-14 18:16:29.759978
0.8016,3240.0,0.8085,3100.0,Vertex,2023-10-14 18:16:29.759978
0.7998,100.0,0.8775,100.0,Vertex,2023-10-14 18:16:29.759978
0.7967,220.0,,,Vertex,2023-10-14 18:16:29.759978
0.7901,750.0,,,Vertex,2023-10-14 18:16:29.759978
0.787,1500.0,,,Vertex,2023-10-14 18:16:29.759978
0.785,200.0,,,Vertex,2023-10-14 18:16:29.759978
0.78,200.0,,,Vertex,2023-10-14 18:16:29.759978
0.775,250.0,,,Vertex,2023-10-14 18:16:29.759978
0.77,250.0,,,Vertex,2023-10-14 18:16:29.759978
0.766,2000.0,,,Vertex,2023-10-14 18:16:29.759978
0.765,250.0,,,Vertex,2023-10-14 18:16:29.759978
0.76,250.0,,,Vertex,2023-10-14 18:16:29.759978
0.755,250.0,,,Vertex,2023-10-14 18:16:29.759978
0.75,300.0,,,Vertex,2023-10-14 18:16:29.759978
0.7465,220.0,,,Vertex,2023-10-14 18:16:29.759978
0.745,300.0,,,Vertex,2023-10-14 18:16:29.759978
0.74,300.0,,,Vertex,2023-10-14 18:16:29.759978
0.8052,31800.0,0.8053,81470.0,Vertex,2023-10-14 19:10:18.932642
0.8051,69530.0,0.8055,61990.0,Vertex,2023-10-14 19:10:18.932642
0.8049,111800.0,0.8056,111710.0,Vertex,2023-10-14 19:10:18.932642
0.8046,33990.0,0.806,58280.0,Vertex,2023-10-14 19:10:18.932642
0.8043,162190.0,0.8062,124040.0,Vertex,2023-10-14 19:10:18.932642
0.8039,12410.0,0.8083,7180.0,Vertex,2023-10-14 19:10:18.932642
0.8038,3720.0,0.8085,3090.0,Vertex,2023-10-14 19:10:18.932642
0.802,3090.0,0.8775,100.0,Vertex,2023-10-14 19:10:18.932642
0.8017,3240.0,,,Vertex,2023-10-14 19:10:18.932642
0.7998,100.0,,,Vertex,2023-10-14 19:10:18.932642
0.7967,220.0,,,Vertex,2023-10-14 19:10:18.932642
0.7901,750.0,,,Vertex,2023-10-14 19:10:18.932642
0.787,1500.0,,,Vertex,2023-10-14 19:10:18.932642
0.785,200.0,,,Vertex,2023-10-14 19:10:18.932642
0.78,200.0,,,Vertex,2023-10-14 19:10:18.932642
0.775,250.0,,,Vertex,2023-10-14 19:10:18.932642
0.77,250.0,,,Vertex,2023-10-14 19:10:18.932642
0.766,2000.0,,,Vertex,2023-10-14 19:10:18.932642
0.765,250.0,,,Vertex,2023-10-14 19:10:18.932642
0.76,250.0,,,Vertex,2023-10-14 19:10:18.932642
0.755,250.0,,,Vertex,2023-10-14 19:10:18.932642
0.75,300.0,,,Vertex,2023-10-14 19:10:18.932642
0.7465,220.0,,,Vertex,2023-10-14 19:10:18.932642
0.745,300.0,,,Vertex,2023-10-14 19:10:18.932642
0.74,300.0,,,Vertex,2023-10-14 19:10:18.932642
0.8063,6200.0,0.8064,13170.0,Vertex,2023-10-14 20:13:07.589841
0.8062,75180.0,0.8065,130150.0,Vertex,2023-10-14 20:13:07.589841
0.8061,19840.0,0.8069,111540.0,Vertex,2023-10-14 20:13:07.589841
0.8058,111680.0,0.8071,45870.0,Vertex,2023-10-14 20:13:07.589841
0.8056,33990.0,0.8073,136430.0,Vertex,2023-10-14 20:13:07.589841
0.8053,38010.0,0.8093,3720.0,Vertex,2023-10-14 20:13:07.589841
0.8048,140150.0,0.8094,3450.0,Vertex,2023-10-14 20:13:07.589841
0.8031,3100.0,0.8096,3100.0,Vertex,2023-10-14 20:13:07.589841
0.8029,3230.0,0.8775,100.0,Vertex,2023-10-14 20:13:07.589841
0.7998,100.0,,,Vertex,2023-10-14 20:13:07.589841
0.7967,220.0,,,Vertex,2023-10-14 20:13:07.589841
0.7901,750.0,,,Vertex,2023-10-14 20:13:07.589841
0.787,1500.0,,,Vertex,2023-10-14 20:13:07.589841
0.785,200.0,,,Vertex,2023-10-14 20:13:07.589841
0.78,200.0,,,Vertex,2023-10-14 20:13:07.589841
0.775,250.0,,,Vertex,2023-10-14 20:13:07.589841
0.77,250.0,,,Vertex,2023-10-14 20:13:07.589841
0.766,2000.0,,,Vertex,2023-10-14 20:13:07.589841
0.765,250.0,,,Vertex,2023-10-14 20:13:07.589841
0.76,250.0,,,Vertex,2023-10-14 20:13:07.589841
0.755,250.0,,,Vertex,2023-10-14 20:13:07.589841
0.75,300.0,,,Vertex,2023-10-14 20:13:07.589841
0.7465,220.0,,,Vertex,2023-10-14 20:13:07.589841
0.745,300.0,,,Vertex,2023-10-14 20:13:07.589841
0.74,300.0,,,Vertex,2023-10-14 20:13:07.589841
0.8056,13170.0,0.8058,13170.0,Vertex,2023-10-14 21:11:02.251693
0.8055,18620.0,0.8059,38450.0,Vertex,2023-10-14 21:11:02.251693
0.8054,69500.0,0.806,49620.0,Vertex,2023-10-14 21:11:02.251693
0.8052,33990.0,0.8062,42130.0,Vertex,2023-10-14 21:11:02.251693
0.805,111790.0,0.8063,111620.0,Vertex,2023-10-14 21:11:02.251693
0.8048,38010.0,0.8064,124000.0,Vertex,2023-10-14 21:11:02.251693
0.8045,124000.0,0.8065,45870.0,Vertex,2023-10-14 21:11:02.251693
0.8043,16120.0,0.8069,12400.0,Vertex,2023-10-14 21:11:02.251693
0.8024,3100.0,0.8087,3460.0,Vertex,2023-10-14 21:11:02.251693
0.802,3240.0,0.8089,3720.0,Vertex,2023-10-14 21:11:02.251693
0.7998,100.0,0.809,3090.0,Vertex,2023-10-14 21:11:02.251693
0.7967,220.0,0.8775,100.0,Vertex,2023-10-14 21:11:02.251693
0.7901,750.0,,,Vertex,2023-10-14 21:11:02.251693
0.787,1500.0,,,Vertex,2023-10-14 21:11:02.251693
0.785,200.0,,,Vertex,2023-10-14 21:11:02.251693
0.78,200.0,,,Vertex,2023-10-14 21:11:02.251693
0.775,250.0,,,Vertex,2023-10-14 21:11:02.251693
0.77,250.0,,,Vertex,2023-10-14 21:11:02.251693
0.766,2000.0,,,Vertex,2023-10-14 21:11:02.251693
0.765,250.0,,,Vertex,2023-10-14 21:11:02.251693
0.76,250.0,,,Vertex,2023-10-14 21:11:02.251693
0.755,250.0,,,Vertex,2023-10-14 21:11:02.251693
0.75,300.0,,,Vertex,2023-10-14 21:11:02.251693
0.7465,220.0,,,Vertex,2023-10-14 21:11:02.251693
0.745,300.0,,,Vertex,2023-10-14 21:11:02.251693
0.8046,6210.0,0.8047,31830.0,Vertex,2023-10-14 22:11:48.997372
0.8045,75340.0,0.8048,49700.0,Vertex,2023-10-14 22:11:48.997372
0.8043,19870.0,0.8049,19870.0,Vertex,2023-10-14 22:11:48.997372
0.8041,145910.0,0.805,42130.0,Vertex,2023-10-14 22:11:48.997372
0.8036,162250.0,0.8051,111790.0,Vertex,2023-10-14 22:11:48.997372
0.8034,12420.0,0.8052,124240.0,Vertex,2023-10-14 22:11:48.997372
0.8029,3720.0,0.8053,45870.0,Vertex,2023-10-14 22:11:48.997372
0.8014,3100.0,0.8054,12420.0,Vertex,2023-10-14 22:11:48.997372
0.8011,3240.0,0.8074,3720.0,Vertex,2023-10-14 22:11:48.997372
0.7998,100.0,0.8076,3460.0,Vertex,2023-10-14 22:11:48.997372
0.7967,220.0,0.8079,3100.0,Vertex,2023-10-14 22:11:48.997372
0.7901,750.0,0.8775,100.0,Vertex,2023-10-14 22:11:48.997372
0.787,1500.0,,,Vertex,2023-10-14 22:11:48.997372
0.785,200.0,,,Vertex,2023-10-14 22:11:48.997372
0.78,200.0,,,Vertex,2023-10-14 22:11:48.997372
0.775,250.0,,,Vertex,2023-10-14 22:11:48.997372
0.77,250.0,,,Vertex,2023-10-14 22:11:48.997372
0.766,2000.0,,,Vertex,2023-10-14 22:11:48.997372
0.765,250.0,,,Vertex,2023-10-14 22:11:48.997372
0.76,250.0,,,Vertex,2023-10-14 22:11:48.997372
0.755,250.0,,,Vertex,2023-10-14 22:11:48.997372
0.75,300.0,,,Vertex,2023-10-14 22:11:48.997372
0.7465,220.0,,,Vertex,2023-10-14 22:11:48.997372
0.745,300.0,,,Vertex,2023-10-14 22:11:48.997372
0.74,300.0,,,Vertex,2023-10-14 22:11:48.997372
0.8033,24890.0,0.8034,6220.0,Vertex,2023-10-14 23:12:31.042585
0.8032,76700.0,0.8035,68440.0,Vertex,2023-10-14 23:12:31.042585
0.8029,112080.0,0.8036,69040.0,Vertex,2023-10-14 23:12:31.042585
0.8027,33990.0,0.8038,111970.0,Vertex,2023-10-14 23:12:31.042585
0.8023,38010.0,0.8039,12440.0,Vertex,2023-10-14 23:12:31.042585
0.802,140630.0,0.804,45870.0,Vertex,2023-10-14 23:12:31.042585
0.8001,3100.0,0.8044,124410.0,Vertex,2023-10-14 23:12:31.042585
0.7998,3350.0,0.8063,3730.0,Vertex,2023-10-14 23:12:31.042585
0.7967,220.0,0.8064,3470.0,Vertex,2023-10-14 23:12:31.042585
0.7901,750.0,0.8066,3100.0,Vertex,2023-10-14 23:12:31.042585
0.787,1500.0,0.8775,100.0,Vertex,2023-10-14 23:12:31.042585
0.785,200.0,,,Vertex,2023-10-14 23:12:31.042585
0.78,200.0,,,Vertex,2023-10-14 23:12:31.042585
0.775,250.0,,,Vertex,2023-10-14 23:12:31.042585
0.77,250.0,,,Vertex,2023-10-14 23:12:31.042585
0.766,2000.0,,,Vertex,2023-10-14 23:12:31.042585
0.765,250.0,,,Vertex,2023-10-14 23:12:31.042585
0.76,250.0,,,Vertex,2023-10-14 23:12:31.042585
0.755,250.0,,,Vertex,2023-10-14 23:12:31.042585
0.75,300.0,,,Vertex,2023-10-14 23:12:31.042585
0.7465,220.0,,,Vertex,2023-10-14 23:12:31.042585
0.745,300.0,,,Vertex,2023-10-14 23:12:31.042585
0.74,300.0,,,Vertex,2023-10-14 23:12:31.042585
0.735,300.0,,,Vertex,2023-10-14 23:12:31.042585
0.73,300.0,,,Vertex,2023-10-14 23:12:31.042585
0.8042,31850.0,0.8043,24850.0,Vertex,2023-10-15 01:04:33.013385
0.8041,49740.0,0.8044,56710.0,Vertex,2023-10-15 01:04:33.013385
0.804,19900.0,0.8045,62030.0,Vertex,2023-10-15 01:04:33.013385
0.8038,111960.0,0.8046,111850.0,Vertex,2023-10-15 01:04:33.013385
0.8036,33990.0,0.8051,170280.0,Vertex,2023-10-15 01:04:33.013385
0.8033,38010.0,0.8053,12440.0,Vertex,2023-10-15 01:04:33.013385
0.803,16170.0,0.8072,3730.0,Vertex,2023-10-15 01:04:33.013385
0.8025,124410.0,0.8074,3460.0,Vertex,2023-10-15 01:04:33.013385
0.801,3100.0,0.8075,3100.0,Vertex,2023-10-15 01:04:33.013385
0.8008,3240.0,0.8775,100.0,Vertex,2023-10-15 01:04:33.013385
0.7998,100.0,,,Vertex,2023-10-15 01:04:33.013385
0.7967,220.0,,,Vertex,2023-10-15 01:04:33.013385
0.7901,750.0,,,Vertex,2023-10-15 01:04:33.013385
0.787,1500.0,,,Vertex,2023-10-15 01:04:33.013385
0.785,200.0,,,Vertex,2023-10-15 01:04:33.013385
0.78,200.0,,,Vertex,2023-10-15 01:04:33.013385
0.775,250.0,,,Vertex,2023-10-15 01:04:33.013385
0.77,250.0,,,Vertex,2023-10-15 01:04:33.013385
0.766,2000.0,,,Vertex,2023-10-15 01:04:33.013385
0.765,250.0,,,Vertex,2023-10-15 01:04:33.013385
0.76,250.0,,,Vertex,2023-10-15 01:04:33.013385
0.755,250.0,,,Vertex,2023-10-15 01:04:33.013385
0.75,300.0,,,Vertex,2023-10-15 01:04:33.013385
0.7465,220.0,,,Vertex,2023-10-15 01:04:33.013385
0.745,300.0,,,Vertex,2023-10-15 01:04:33.013385
0.8046,6210.0,0.8047,6210.0,Vertex,2023-10-15 02:22:49.142109
0.8045,68350.0,0.8048,95200.0,Vertex,2023-10-15 02:22:49.142109
0.8044,6990.0,0.8051,153920.0,Vertex,2023-10-15 02:22:49.142109
0.8043,19880.0,0.8055,170030.0,Vertex,2023-10-15 02:22:49.142109
0.8042,145890.0,0.8059,12430.0,Vertex,2023-10-15 02:22:49.142109
0.8038,38010.0,0.8074,3720.0,Vertex,2023-10-15 02:22:49.142109
0.8033,140430.0,0.8078,3460.0,Vertex,2023-10-15 02:22:49.142109
0.8014,3100.0,0.8079,3100.0,Vertex,2023-10-15 02:22:49.142109
0.8012,3240.0,0.8775,100.0,Vertex,2023-10-15 02:22:49.142109
0.7998,100.0,,,Vertex,2023-10-15 02:22:49.142109
0.7967,220.0,,,Vertex,2023-10-15 02:22:49.142109
0.7901,750.0,,,Vertex,2023-10-15 02:22:49.142109
0.787,1500.0,,,Vertex,2023-10-15 02:22:49.142109
0.785,200.0,,,Vertex,2023-10-15 02:22:49.142109
0.78,200.0,,,Vertex,2023-10-15 02:22:49.142109
0.775,250.0,,,Vertex,2023-10-15 02:22:49.142109
0.77,250.0,,,Vertex,2023-10-15 02:22:49.142109
0.766,2000.0,,,Vertex,2023-10-15 02:22:49.142109
0.765,250.0,,,Vertex,2023-10-15 02:22:49.142109
0.76,250.0,,,Vertex,2023-10-15 02:22:49.142109
0.755,250.0,,,Vertex,2023-10-15 02:22:49.142109
0.75,300.0,,,Vertex,2023-10-15 02:22:49.142109
0.7465,220.0,,,Vertex,2023-10-15 02:22:49.142109
0.745,300.0,,,Vertex,2023-10-15 02:22:49.142109
0.74,300.0,,,Vertex,2023-10-15 02:22:49.142109
0.8051,6210.0,0.8052,31820.0,Vertex,2023-10-15 03:13:50.236011
0.805,68310.0,0.8053,69540.0,Vertex,2023-10-15 03:13:50.236011
0.8049,26850.0,0.8054,42130.0,Vertex,2023-10-15 03:13:50.236011
0.8047,111830.0,0.8055,111730.0,Vertex,2023-10-15 03:13:50.236011
0.8045,33990.0,0.8059,58290.0,Vertex,2023-10-15 03:13:50.236011
0.8041,38010.0,0.8061,124210.0,Vertex,2023-10-15 03:13:50.236011
0.8039,136630.0,0.8081,3460.0,Vertex,2023-10-15 03:13:50.236011
0.8031,3720.0,0.8083,3720.0,Vertex,2023-10-15 03:13:50.236011
0.8019,3100.0,0.8084,3100.0,Vertex,2023-10-15 03:13:50.236011
0.8016,3240.0,0.8775,100.0,Vertex,2023-10-15 03:13:50.236011
0.7998,100.0,,,Vertex,2023-10-15 03:13:50.236011
0.7967,220.0,,,Vertex,2023-10-15 03:13:50.236011
0.7901,750.0,,,Vertex,2023-10-15 03:13:50.236011
0.787,1500.0,,,Vertex,2023-10-15 03:13:50.236011
0.785,200.0,,,Vertex,2023-10-15 03:13:50.236011
0.78,200.0,,,Vertex,2023-10-15 03:13:50.236011
0.775,250.0,,,Vertex,2023-10-15 03:13:50.236011
0.77,250.0,,,Vertex,2023-10-15 03:13:50.236011
0.766,2000.0,,,Vertex,2023-10-15 03:13:50.236011
0.765,250.0,,,Vertex,2023-10-15 03:13:50.236011
0.76,250.0,,,Vertex,2023-10-15 03:13:50.236011
0.755,250.0,,,Vertex,2023-10-15 03:13:50.236011
0.75,300.0,,,Vertex,2023-10-15 03:13:50.236011
0.7465,220.0,,,Vertex,2023-10-15 03:13:50.236011
0.745,300.0,,,Vertex,2023-10-15 03:13:50.236011
0.8039,24860.0,0.804,24860.0,Vertex,2023-10-15 04:15:33.121014
0.8038,49760.0,0.8041,56730.0,Vertex,2023-10-15 04:15:33.121014
0.8037,26890.0,0.8042,62030.0,Vertex,2023-10-15 04:15:33.121014
0.8035,112000.0,0.8044,111880.0,Vertex,2023-10-15 04:15:33.121014
0.8033,33990.0,0.8045,45870.0,Vertex,2023-10-15 04:15:33.121014
0.8028,38010.0,0.8046,136660.0,Vertex,2023-10-15 04:15:33.121014
0.8026,124240.0,0.8067,3720.0,Vertex,2023-10-15 04:15:33.121014
0.8024,16170.0,0.807,3460.0,Vertex,2023-10-15 04:15:33.121014
0.8007,3110.0,0.8072,3100.0,Vertex,2023-10-15 04:15:33.121014
0.8004,3240.0,0.8775,100.0,Vertex,2023-10-15 04:15:33.121014
0.7998,100.0,,,Vertex,2023-10-15 04:15:33.121014
0.7967,220.0,,,Vertex,2023-10-15 04:15:33.121014
0.7901,750.0,,,Vertex,2023-10-15 04:15:33.121014
0.787,1500.0,,,Vertex,2023-10-15 04:15:33.121014
0.785,200.0,,,Vertex,2023-10-15 04:15:33.121014
0.78,200.0,,,Vertex,2023-10-15 04:15:33.121014
0.775,250.0,,,Vertex,2023-10-15 04:15:33.121014
0.77,250.0,,,Vertex,2023-10-15 04:15:33.121014
0.766,2000.0,,,Vertex,2023-10-15 04:15:33.121014
0.765,250.0,,,Vertex,2023-10-15 04:15:33.121014
0.76,250.0,,,Vertex,2023-10-15 04:15:33.121014
0.755,250.0,,,Vertex,2023-10-15 04:15:33.121014
0.75,300.0,,,Vertex,2023-10-15 04:15:33.121014
0.7465,220.0,,,Vertex,2023-10-15 04:15:33.121014
0.745,300.0,,,Vertex,2023-10-15 04:15:33.121014
0.8039,81600.0,0.804,6210.0,Vertex,2023-10-15 05:12:19.948860
0.8038,19890.0,0.8041,75380.0,Vertex,2023-10-15 05:12:19.948860
0.8036,111980.0,0.8042,19890.0,Vertex,2023-10-15 05:12:19.948860
0.8033,33990.0,0.8043,42130.0,Vertex,2023-10-15 05:12:19.948860
0.8031,38010.0,0.8044,111880.0,Vertex,2023-10-15 05:12:19.948860
0.803,124160.0,0.8048,45870.0,Vertex,2023-10-15 05:12:19.948860
0.8027,12430.0,0.805,124270.0,Vertex,2023-10-15 05:12:19.948860
0.8022,3720.0,0.8052,12430.0,Vertex,2023-10-15 05:12:19.948860
0.8007,3100.0,0.8071,7180.0,Vertex,2023-10-15 05:12:19.948860
0.8004,3240.0,0.8072,3100.0,Vertex,2023-10-15 05:12:19.948860
0.7998,100.0,0.8775,100.0,Vertex,2023-10-15 05:12:19.948860
0.7967,220.0,,,Vertex,2023-10-15 05:12:19.948860
0.7901,750.0,,,Vertex,2023-10-15 05:12:19.948860
0.787,1500.0,,,Vertex,2023-10-15 05:12:19.948860
0.785,200.0,,,Vertex,2023-10-15 05:12:19.948860
0.78,200.0,,,Vertex,2023-10-15 05:12:19.948860
0.775,250.0,,,Vertex,2023-10-15 05:12:19.948860
0.77,250.0,,,Vertex,2023-10-15 05:12:19.948860
0.766,2000.0,,,Vertex,2023-10-15 05:12:19.948860
0.765,250.0,,,Vertex,2023-10-15 05:12:19.948860
0.76,250.0,,,Vertex,2023-10-15 05:12:19.948860
0.755,250.0,,,Vertex,2023-10-15 05:12:19.948860
0.75,300.0,,,Vertex,2023-10-15 05:12:19.948860
0.7465,220.0,,,Vertex,2023-10-15 05:12:19.948860
0.745,300.0,,,Vertex,2023-10-15 05:12:19.948860
0.8049,6210.0,0.805,24840.0,Vertex,2023-10-15 06:17:18.911825
0.8048,95170.0,0.8051,56660.0,Vertex,2023-10-15 06:17:18.911825
0.8045,111860.0,0.8052,19870.0,Vertex,2023-10-15 06:17:18.911825
0.8044,33990.0,0.8054,153870.0,Vertex,2023-10-15 06:17:18.911825
0.8041,38010.0,0.8059,45870.0,Vertex,2023-10-15 06:17:18.911825
0.804,12410.0,0.806,136540.0,Vertex,2023-10-15 06:17:18.911825
0.8038,124130.0,0.808,7180.0,Vertex,2023-10-15 06:17:18.911825
0.803,3720.0,0.8082,3090.0,Vertex,2023-10-15 06:17:18.911825
0.8017,3100.0,0.8775,100.0,Vertex,2023-10-15 06:17:18.911825
0.8014,3240.0,,,Vertex,2023-10-15 06:17:18.911825
0.7998,100.0,,,Vertex,2023-10-15 06:17:18.911825
0.7967,220.0,,,Vertex,2023-10-15 06:17:18.911825
0.7901,750.0,,,Vertex,2023-10-15 06:17:18.911825
0.787,1500.0,,,Vertex,2023-10-15 06:17:18.911825
0.785,200.0,,,Vertex,2023-10-15 06:17:18.911825
0.78,200.0,,,Vertex,2023-10-15 06:17:18.911825
0.775,250.0,,,Vertex,2023-10-15 06:17:18.911825
0.77,250.0,,,Vertex,2023-10-15 06:17:18.911825
0.766,2000.0,,,Vertex,2023-10-15 06:17:18.911825
0.765,250.0,,,Vertex,2023-10-15 06:17:18.911825
0.76,250.0,,,Vertex,2023-10-15 06:17:18.911825
0.755,250.0,,,Vertex,2023-10-15 06:17:18.911825
0.75,300.0,,,Vertex,2023-10-15 06:17:18.911825
0.7465,220.0,,,Vertex,2023-10-15 06:17:18.911825
0.745,300.0,,,Vertex,2023-10-15 06:17:18.911825
0.806,13170.0,0.8061,31770.0,Vertex,2023-10-15 07:11:34.660624
0.8059,88080.0,0.8062,69460.0,Vertex,2023-10-15 07:11:34.660624
0.8056,111700.0,0.8065,153730.0,Vertex,2023-10-15 07:11:34.660624
0.8055,33990.0,0.8069,169930.0,Vertex,2023-10-15 07:11:34.660624
0.8052,38010.0,0.8072,12400.0,Vertex,2023-10-15 07:11:34.660624
0.805,12400.0,0.809,7180.0,Vertex,2023-10-15 07:11:34.660624
0.8048,127780.0,0.8093,3090.0,Vertex,2023-10-15 07:11:34.660624
0.8028,3090.0,0.8775,100.0,Vertex,2023-10-15 07:11:34.660624
0.8024,3240.0,,,Vertex,2023-10-15 07:11:34.660624
0.7998,100.0,,,Vertex,2023-10-15 07:11:34.660624
0.7967,220.0,,,Vertex,2023-10-15 07:11:34.660624
0.7901,750.0,,,Vertex,2023-10-15 07:11:34.660624
0.787,1500.0,,,Vertex,2023-10-15 07:11:34.660624
0.785,200.0,,,Vertex,2023-10-15 07:11:34.660624
0.78,200.0,,,Vertex,2023-10-15 07:11:34.660624
0.775,250.0,,,Vertex,2023-10-15 07:11:34.660624
0.77,250.0,,,Vertex,2023-10-15 07:11:34.660624
0.766,2000.0,,,Vertex,2023-10-15 07:11:34.660624
0.765,250.0,,,Vertex,2023-10-15 07:11:34.660624
0.76,250.0,,,Vertex,2023-10-15 07:11:34.660624
0.755,250.0,,,Vertex,2023-10-15 07:11:34.660624
0.75,300.0,,,Vertex,2023-10-15 07:11:34.660624
0.7465,220.0,,,Vertex,2023-10-15 07:11:34.660624
0.745,300.0,,,Vertex,2023-10-15 07:11:34.660624
0.74,300.0,,,Vertex,2023-10-15 07:11:34.660624
0.8053,74480.0,0.8054,24820.0,Vertex,2023-10-15 08:15:48.157916
0.8052,26820.0,0.8055,56640.0,Vertex,2023-10-15 08:15:48.157916
0.805,111790.0,0.8057,19840.0,Vertex,2023-10-15 08:15:48.157916
0.8048,33990.0,0.8058,153820.0,Vertex,2023-10-15 08:15:48.157916
0.8047,12400.0,0.8062,45870.0,Vertex,2023-10-15 08:15:48.157916
0.8045,38010.0,0.8063,124000.0,Vertex,2023-10-15 08:15:48.157916
0.8044,124000.0,0.8068,12400.0,Vertex,2023-10-15 08:15:48.157916
0.8036,3720.0,0.8085,7180.0,Vertex,2023-10-15 08:15:48.157916
0.8021,3100.0,0.8086,3100.0,Vertex,2023-10-15 08:15:48.157916
0.8018,3240.0,0.8775,100.0,Vertex,2023-10-15 08:15:48.157916
0.7998,100.0,,,Vertex,2023-10-15 08:15:48.157916
0.7967,220.0,,,Vertex,2023-10-15 08:15:48.157916
0.7901,750.0,,,Vertex,2023-10-15 08:15:48.157916
0.787,1500.0,,,Vertex,2023-10-15 08:15:48.157916
0.785,200.0,,,Vertex,2023-10-15 08:15:48.157916
0.78,200.0,,,Vertex,2023-10-15 08:15:48.157916
0.775,250.0,,,Vertex,2023-10-15 08:15:48.157916
0.77,250.0,,,Vertex,2023-10-15 08:15:48.157916
0.766,2000.0,,,Vertex,2023-10-15 08:15:48.157916
0.765,250.0,,,Vertex,2023-10-15 08:15:48.157916
0.76,250.0,,,Vertex,2023-10-15 08:15:48.157916
0.755,250.0,,,Vertex,2023-10-15 08:15:48.157916
0.75,300.0,,,Vertex,2023-10-15 08:15:48.157916
0.7465,220.0,,,Vertex,2023-10-15 08:15:48.157916
0.745,300.0,,,Vertex,2023-10-15 08:15:48.157916
0.8105,6930.0,0.8106,6160.0,Vertex,2023-10-15 09:12:14.668905
0.8103,44390.0,0.8107,94490.0,Vertex,2023-10-15 09:12:14.668905
0.8102,49360.0,0.811,153100.0,Vertex,2023-10-15 09:12:14.668905
0.81,145100.0,0.8115,45870.0,Vertex,2023-10-15 09:12:14.668905
0.8097,38010.0,0.8119,135640.0,Vertex,2023-10-15 09:12:14.668905
0.8096,12330.0,0.8136,3440.0,Vertex,2023-10-15 09:12:14.668905
0.8093,127000.0,0.8138,6770.0,Vertex,2023-10-15 09:12:14.668905
0.8073,3070.0,0.8775,100.0,Vertex,2023-10-15 09:12:14.668905
0.807,3220.0,,,Vertex,2023-10-15 09:12:14.668905
0.7998,100.0,,,Vertex,2023-10-15 09:12:14.668905
0.7967,220.0,,,Vertex,2023-10-15 09:12:14.668905
0.7901,750.0,,,Vertex,2023-10-15 09:12:14.668905
0.787,1500.0,,,Vertex,2023-10-15 09:12:14.668905
0.785,200.0,,,Vertex,2023-10-15 09:12:14.668905
0.78,200.0,,,Vertex,2023-10-15 09:12:14.668905
0.775,250.0,,,Vertex,2023-10-15 09:12:14.668905
0.77,250.0,,,Vertex,2023-10-15 09:12:14.668905
0.766,2000.0,,,Vertex,2023-10-15 09:12:14.668905
0.765,250.0,,,Vertex,2023-10-15 09:12:14.668905
0.76,250.0,,,Vertex,2023-10-15 09:12:14.668905
0.755,250.0,,,Vertex,2023-10-15 09:12:14.668905
0.75,300.0,,,Vertex,2023-10-15 09:12:14.668905
0.7465,220.0,,,Vertex,2023-10-15 09:12:14.668905
0.745,300.0,,,Vertex,2023-10-15 09:12:14.668905
0.74,300.0,,,Vertex,2023-10-15 09:12:14.668905
0.8066,6190.0,0.8067,51590.0,Vertex,2023-10-15 10:13:31.946402
0.8065,18590.0,0.8068,49580.0,Vertex,2023-10-15 10:13:31.946402
0.8064,56560.0,0.8069,42130.0,Vertex,2023-10-15 10:13:31.946402
0.8063,19840.0,0.807,111520.0,Vertex,2023-10-15 10:13:31.946402
0.8061,111640.0,0.8073,45870.0,Vertex,2023-10-15 10:13:31.946402
0.8059,33990.0,0.8075,136240.0,Vertex,2023-10-15 10:13:31.946402
0.8057,33990.0,0.8093,3720.0,Vertex,2023-10-15 10:13:31.946402
0.8054,12400.0,0.8097,3450.0,Vertex,2023-10-15 10:13:31.946402
0.8047,127550.0,0.8099,3090.0,Vertex,2023-10-15 10:13:31.946402
0.8034,3090.0,0.8775,100.0,Vertex,2023-10-15 10:13:31.946402
0.803,3230.0,,,Vertex,2023-10-15 10:13:31.946402
0.7998,100.0,,,Vertex,2023-10-15 10:13:31.946402
0.7967,220.0,,,Vertex,2023-10-15 10:13:31.946402
0.7901,750.0,,,Vertex,2023-10-15 10:13:31.946402
0.787,1500.0,,,Vertex,2023-10-15 10:13:31.946402
0.785,200.0,,,Vertex,2023-10-15 10:13:31.946402
0.78,200.0,,,Vertex,2023-10-15 10:13:31.946402
0.775,250.0,,,Vertex,2023-10-15 10:13:31.946402
0.77,250.0,,,Vertex,2023-10-15 10:13:31.946402
0.766,2000.0,,,Vertex,2023-10-15 10:13:31.946402
0.765,250.0,,,Vertex,2023-10-15 10:13:31.946402
0.76,250.0,,,Vertex,2023-10-15 10:13:31.946402
0.755,250.0,,,Vertex,2023-10-15 10:13:31.946402
0.75,300.0,,,Vertex,2023-10-15 10:13:31.946402
0.7465,220.0,,,Vertex,2023-10-15 10:13:31.946402
0.8063,26810.0,0.8066,6970.0,Vertex,2023-10-15 11:10:29.478639
0.8059,33990.0,0.8068,19840.0,Vertex,2023-10-15 11:10:29.478639
0.8057,38010.0,0.8069,42130.0,Vertex,2023-10-15 11:10:29.478639
0.8051,12390.0,0.8073,123960.0,Vertex,2023-10-15 11:10:29.478639
0.8049,127670.0,0.8074,45870.0,Vertex,2023-10-15 11:10:29.478639
0.8032,3090.0,0.8075,12400.0,Vertex,2023-10-15 11:10:29.478639
0.8028,3230.0,0.8095,3720.0,Vertex,2023-10-15 11:10:29.478639
0.7998,100.0,0.8097,6540.0,Vertex,2023-10-15 11:10:29.478639
0.7967,220.0,0.8775,100.0,Vertex,2023-10-15 11:10:29.478639
0.7901,750.0,,,Vertex,2023-10-15 11:10:29.478639
0.787,1500.0,,,Vertex,2023-10-15 11:10:29.478639
0.785,200.0,,,Vertex,2023-10-15 11:10:29.478639
0.78,200.0,,,Vertex,2023-10-15 11:10:29.478639
0.775,250.0,,,Vertex,2023-10-15 11:10:29.478639
0.77,250.0,,,Vertex,2023-10-15 11:10:29.478639
0.766,2000.0,,,Vertex,2023-10-15 11:10:29.478639
0.765,250.0,,,Vertex,2023-10-15 11:10:29.478639
0.76,250.0,,,Vertex,2023-10-15 11:10:29.478639
0.755,250.0,,,Vertex,2023-10-15 11:10:29.478639
0.75,300.0,,,Vertex,2023-10-15 11:10:29.478639
0.7465,220.0,,,Vertex,2023-10-15 11:10:29.478639
0.745,300.0,,,Vertex,2023-10-15 11:10:29.478639
0.74,300.0,,,Vertex,2023-10-15 11:10:29.478639
0.735,300.0,,,Vertex,2023-10-15 11:10:29.478639
0.73,300.0,,,Vertex,2023-10-15 11:10:29.478639
0.8033,6220.0,0.8034,6220.0,Vertex,2023-10-15 12:24:41.879518
0.8032,75460.0,0.8035,75430.0,Vertex,2023-10-15 12:24:41.879518
0.8031,19900.0,0.8036,62030.0,Vertex,2023-10-15 12:24:41.879518
0.8029,112090.0,0.8038,111970.0,Vertex,2023-10-15 12:24:41.879518
0.8027,33990.0,0.804,45870.0,Vertex,2023-10-15 12:24:41.879518
0.8023,38010.0,0.8041,12440.0,Vertex,2023-10-15 12:24:41.879518
0.8022,124330.0,0.8044,124330.0,Vertex,2023-10-15 12:24:41.879518
0.802,12440.0,0.8063,3470.0,Vertex,2023-10-15 12:24:41.879518
0.8014,3730.0,0.8064,3730.0,Vertex,2023-10-15 12:24:41.879518
0.8001,3110.0,0.8066,3110.0,Vertex,2023-10-15 12:24:41.879518
0.7998,3250.0,0.8775,100.0,Vertex,2023-10-15 12:24:41.879518
0.7967,220.0,,,Vertex,2023-10-15 12:24:41.879518
0.7901,750.0,,,Vertex,2023-10-15 12:24:41.879518
0.787,1500.0,,,Vertex,2023-10-15 12:24:41.879518
0.785,200.0,,,Vertex,2023-10-15 12:24:41.879518
0.78,200.0,,,Vertex,2023-10-15 12:24:41.879518
0.775,250.0,,,Vertex,2023-10-15 12:24:41.879518
0.77,250.0,,,Vertex,2023-10-15 12:24:41.879518
0.766,2000.0,,,Vertex,2023-10-15 12:24:41.879518
0.765,250.0,,,Vertex,2023-10-15 12:24:41.879518
0.76,250.0,,,Vertex,2023-10-15 12:24:41.879518
0.755,250.0,,,Vertex,2023-10-15 12:24:41.879518
0.75,300.0,,,Vertex,2023-10-15 12:24:41.879518
0.7465,220.0,,,Vertex,2023-10-15 12:24:41.879518
0.745,300.0,,,Vertex,2023-10-15 12:24:41.879518
0.8027,6220.0,0.8028,24900.0,Vertex,2023-10-15 13:14:32.328981
0.8026,75520.0,0.8029,76780.0,Vertex,2023-10-15 13:14:32.328981
0.8024,19950.0,0.8031,112060.0,Vertex,2023-10-15 13:14:32.328981
0.8023,112170.0,0.8032,42130.0,Vertex,2023-10-15 13:14:32.328981
0.8022,33990.0,0.8033,124740.0,Vertex,2023-10-15 13:14:32.328981
0.8019,38010.0,0.8036,45870.0,Vertex,2023-10-15 13:14:32.328981
0.8013,140950.0,0.8038,12470.0,Vertex,2023-10-15 13:14:32.328981
0.7995,3100.0,0.8056,3740.0,Vertex,2023-10-15 13:14:32.328981
0.7992,3250.0,0.8057,3470.0,Vertex,2023-10-15 13:14:32.328981
0.7967,220.0,0.806,3100.0,Vertex,2023-10-15 13:14:32.328981
0.7901,750.0,0.8775,100.0,Vertex,2023-10-15 13:14:32.328981
0.787,1500.0,,,Vertex,2023-10-15 13:14:32.328981
0.785,200.0,,,Vertex,2023-10-15 13:14:32.328981
0.78,200.0,,,Vertex,2023-10-15 13:14:32.328981
0.775,250.0,,,Vertex,2023-10-15 13:14:32.328981
0.77,250.0,,,Vertex,2023-10-15 13:14:32.328981
0.766,2000.0,,,Vertex,2023-10-15 13:14:32.328981
0.765,250.0,,,Vertex,2023-10-15 13:14:32.328981
0.76,250.0,,,Vertex,2023-10-15 13:14:32.328981
0.755,250.0,,,Vertex,2023-10-15 13:14:32.328981
0.75,300.0,,,Vertex,2023-10-15 13:14:32.328981
0.7465,220.0,,,Vertex,2023-10-15 13:14:32.328981
0.745,300.0,,,Vertex,2023-10-15 13:14:32.328981
0.74,300.0,,,Vertex,2023-10-15 13:14:32.328981
0.735,300.0,,,Vertex,2023-10-15 13:14:32.328981
0.8007,13270.0,0.8008,6240.0,Vertex,2023-10-15 14:11:25.411904
0.8006,88690.0,0.8009,25750.0,Vertex,2023-10-15 14:11:25.411904
0.8002,112460.0,0.801,110900.0,Vertex,2023-10-15 14:11:25.411904
0.8001,35110.0,0.8013,112320.0,Vertex,2023-10-15 14:11:25.411904
0.7997,39150.0,0.8015,169810.0,Vertex,2023-10-15 14:11:25.411904
0.7995,137550.0,0.8018,12500.0,Vertex,2023-10-15 14:11:25.411904
0.799,3750.0,0.8039,7230.0,Vertex,2023-10-15 14:11:25.411904
0.7976,3110.0,0.8041,3110.0,Vertex,2023-10-15 14:11:25.411904
0.7973,3260.0,0.8775,100.0,Vertex,2023-10-15 14:11:25.411904
0.7967,220.0,,,Vertex,2023-10-15 14:11:25.411904
0.7901,750.0,,,Vertex,2023-10-15 14:11:25.411904
0.787,1500.0,,,Vertex,2023-10-15 14:11:25.411904
0.785,200.0,,,Vertex,2023-10-15 14:11:25.411904
0.78,200.0,,,Vertex,2023-10-15 14:11:25.411904
0.775,250.0,,,Vertex,2023-10-15 14:11:25.411904
0.77,250.0,,,Vertex,2023-10-15 14:11:25.411904
0.766,2000.0,,,Vertex,2023-10-15 14:11:25.411904
0.765,250.0,,,Vertex,2023-10-15 14:11:25.411904
0.76,250.0,,,Vertex,2023-10-15 14:11:25.411904
0.755,250.0,,,Vertex,2023-10-15 14:11:25.411904
0.75,300.0,,,Vertex,2023-10-15 14:11:25.411904
0.7465,220.0,,,Vertex,2023-10-15 14:11:25.411904
0.745,300.0,,,Vertex,2023-10-15 14:11:25.411904
0.74,300.0,,,Vertex,2023-10-15 14:11:25.411904
0.735,300.0,,,Vertex,2023-10-15 14:11:25.411904
0.7993,25010.0,0.7994,32050.0,Vertex,2023-10-15 15:12:25.830525
0.7992,57080.0,0.7995,91000.0,Vertex,2023-10-15 15:12:25.830525
0.799,20030.0,0.7996,20030.0,Vertex,2023-10-15 15:12:25.830525
0.7989,112650.0,0.7997,112540.0,Vertex,2023-10-15 15:12:25.830525
0.7986,35110.0,0.7999,44760.0,Vertex,2023-10-15 15:12:25.830525
0.7984,172840.0,0.8001,137730.0,Vertex,2023-10-15 15:12:25.830525
0.7974,3750.0,0.802,3750.0,Vertex,2023-10-15 15:12:25.830525
0.7967,220.0,0.8024,3480.0,Vertex,2023-10-15 15:12:25.830525
0.7961,3120.0,0.8026,3120.0,Vertex,2023-10-15 15:12:25.830525
0.7957,3260.0,0.8775,100.0,Vertex,2023-10-15 15:12:25.830525
0.7901,750.0,,,Vertex,2023-10-15 15:12:25.830525
0.787,1500.0,,,Vertex,2023-10-15 15:12:25.830525
0.785,200.0,,,Vertex,2023-10-15 15:12:25.830525
0.78,200.0,,,Vertex,2023-10-15 15:12:25.830525
0.775,250.0,,,Vertex,2023-10-15 15:12:25.830525
0.77,250.0,,,Vertex,2023-10-15 15:12:25.830525
0.766,2000.0,,,Vertex,2023-10-15 15:12:25.830525
0.765,250.0,,,Vertex,2023-10-15 15:12:25.830525
0.76,250.0,,,Vertex,2023-10-15 15:12:25.830525
0.755,250.0,,,Vertex,2023-10-15 15:12:25.830525
0.75,300.0,,,Vertex,2023-10-15 15:12:25.830525
0.7465,220.0,,,Vertex,2023-10-15 15:12:25.830525
0.745,300.0,,,Vertex,2023-10-15 15:12:25.830525
0.74,300.0,,,Vertex,2023-10-15 15:12:25.830525
0.735,300.0,,,Vertex,2023-10-15 15:12:25.830525
0.7985,32070.0,0.7986,75120.0,Vertex,2023-10-15 16:16:03.850860
0.7984,70110.0,0.7987,7030.0,Vertex,2023-10-15 16:16:03.850860
0.7981,112750.0,0.7988,40970.0,Vertex,2023-10-15 16:16:03.850860
0.7979,35110.0,0.7989,132670.0,Vertex,2023-10-15 16:16:03.850860
0.7976,39150.0,0.7993,44760.0,Vertex,2023-10-15 16:16:03.850860
0.7974,137650.0,0.7995,12510.0,Vertex,2023-10-15 16:16:03.850860
0.7968,3750.0,0.7998,125140.0,Vertex,2023-10-15 16:16:03.850860
0.7967,220.0,0.8016,7240.0,Vertex,2023-10-15 16:16:03.850860
0.7953,3120.0,0.8018,3120.0,Vertex,2023-10-15 16:16:03.850860
0.7951,3270.0,0.8775,100.0,Vertex,2023-10-15 16:16:03.850860
0.7901,750.0,,,Vertex,2023-10-15 16:16:03.850860
0.787,1500.0,,,Vertex,2023-10-15 16:16:03.850860
0.785,200.0,,,Vertex,2023-10-15 16:16:03.850860
0.78,200.0,,,Vertex,2023-10-15 16:16:03.850860
0.775,250.0,,,Vertex,2023-10-15 16:16:03.850860
0.77,250.0,,,Vertex,2023-10-15 16:16:03.850860
0.766,2000.0,,,Vertex,2023-10-15 16:16:03.850860
0.765,250.0,,,Vertex,2023-10-15 16:16:03.850860
0.76,250.0,,,Vertex,2023-10-15 16:16:03.850860
0.755,250.0,,,Vertex,2023-10-15 16:16:03.850860
0.75,300.0,,,Vertex,2023-10-15 16:16:03.850860
0.7465,220.0,,,Vertex,2023-10-15 16:16:03.850860
0.745,300.0,,,Vertex,2023-10-15 16:16:03.850860
0.74,300.0,,,Vertex,2023-10-15 16:16:03.850860
0.735,300.0,,,Vertex,2023-10-15 16:16:03.850860
0.8022,74780.0,0.8023,31930.0,Vertex,2023-10-15 17:12:00.286740
0.802,26960.0,0.8024,69800.0,Vertex,2023-10-15 17:12:00.286740
0.8018,112240.0,0.8026,40970.0,Vertex,2023-10-15 17:12:00.286740
0.8017,35110.0,0.8027,112120.0,Vertex,2023-10-15 17:12:00.286740
0.8015,35110.0,0.8028,124740.0,Vertex,2023-10-15 17:12:00.286740
0.801,12470.0,0.803,44760.0,Vertex,2023-10-15 17:12:00.286740
0.8004,128480.0,0.8031,12470.0,Vertex,2023-10-15 17:12:00.286740
0.799,3110.0,0.805,3740.0,Vertex,2023-10-15 17:12:00.286740
0.7987,3250.0,0.8052,3470.0,Vertex,2023-10-15 17:12:00.286740
0.7967,220.0,0.8055,3110.0,Vertex,2023-10-15 17:12:00.286740
0.7901,750.0,0.8775,100.0,Vertex,2023-10-15 17:12:00.286740
0.787,1500.0,,,Vertex,2023-10-15 17:12:00.286740
0.785,200.0,,,Vertex,2023-10-15 17:12:00.286740
0.78,200.0,,,Vertex,2023-10-15 17:12:00.286740
0.775,250.0,,,Vertex,2023-10-15 17:12:00.286740
0.77,250.0,,,Vertex,2023-10-15 17:12:00.286740
0.766,2000.0,,,Vertex,2023-10-15 17:12:00.286740
0.765,250.0,,,Vertex,2023-10-15 17:12:00.286740
0.76,250.0,,,Vertex,2023-10-15 17:12:00.286740
0.755,250.0,,,Vertex,2023-10-15 17:12:00.286740
0.75,300.0,,,Vertex,2023-10-15 17:12:00.286740
0.7465,220.0,,,Vertex,2023-10-15 17:12:00.286740
0.745,300.0,,,Vertex,2023-10-15 17:12:00.286740
0.74,300.0,,,Vertex,2023-10-15 17:12:00.286740
0.735,300.0,,,Vertex,2023-10-15 17:12:00.286740
0.8023,101700.0,0.8024,6230.0,Vertex,2023-10-15 18:16:42.302681
0.802,112210.0,0.8025,75530.0,Vertex,2023-10-15 18:16:42.302681
0.8018,35110.0,0.8027,60900.0,Vertex,2023-10-15 18:16:42.302681
0.8014,51610.0,0.8028,112100.0,Vertex,2023-10-15 18:16:42.302681
0.8009,128280.0,0.8031,44760.0,Vertex,2023-10-15 18:16:42.302681
0.7991,3110.0,0.8033,124550.0,Vertex,2023-10-15 18:16:42.302681
0.7988,3250.0,0.8035,12460.0,Vertex,2023-10-15 18:16:42.302681
0.7967,220.0,0.8054,3470.0,Vertex,2023-10-15 18:16:42.302681
0.7901,750.0,0.8056,6840.0,Vertex,2023-10-15 18:16:42.302681
0.787,1500.0,0.8775,100.0,Vertex,2023-10-15 18:16:42.302681
0.785,200.0,,,Vertex,2023-10-15 18:16:42.302681
0.78,200.0,,,Vertex,2023-10-15 18:16:42.302681
0.775,250.0,,,Vertex,2023-10-15 18:16:42.302681
0.77,250.0,,,Vertex,2023-10-15 18:16:42.302681
0.766,2000.0,,,Vertex,2023-10-15 18:16:42.302681
0.765,250.0,,,Vertex,2023-10-15 18:16:42.302681
0.76,250.0,,,Vertex,2023-10-15 18:16:42.302681
0.755,250.0,,,Vertex,2023-10-15 18:16:42.302681
0.75,300.0,,,Vertex,2023-10-15 18:16:42.302681
0.7465,220.0,,,Vertex,2023-10-15 18:16:42.302681
0.745,300.0,,,Vertex,2023-10-15 18:16:42.302681
0.74,300.0,,,Vertex,2023-10-15 18:16:42.302681
0.735,300.0,,,Vertex,2023-10-15 18:16:42.302681
0.73,300.0,,,Vertex,2023-10-15 18:16:42.302681
0.725,400.0,,,Vertex,2023-10-15 18:16:42.302681
0.8059,6200.0,0.806,33020.0,Vertex,2023-10-15 19:10:20.994171
0.8058,68250.0,0.8061,68220.0,Vertex,2023-10-15 19:10:20.994171
0.8057,26820.0,0.8062,40970.0,Vertex,2023-10-15 19:10:20.994171
0.8055,111730.0,0.8064,111600.0,Vertex,2023-10-15 19:10:20.994171
0.8053,35110.0,0.8065,168830.0,Vertex,2023-10-15 19:10:20.994171
0.8048,163220.0,0.8069,12400.0,Vertex,2023-10-15 19:10:20.994171
0.8045,16120.0,0.8089,7180.0,Vertex,2023-10-15 19:10:20.994171
0.8027,3100.0,0.8092,3100.0,Vertex,2023-10-15 19:10:20.994171
0.8023,3240.0,0.8775,100.0,Vertex,2023-10-15 19:10:20.994171
0.7967,220.0,,,Vertex,2023-10-15 19:10:20.994171
0.7901,750.0,,,Vertex,2023-10-15 19:10:20.994171
0.787,1500.0,,,Vertex,2023-10-15 19:10:20.994171
0.785,200.0,,,Vertex,2023-10-15 19:10:20.994171
0.78,200.0,,,Vertex,2023-10-15 19:10:20.994171
0.775,250.0,,,Vertex,2023-10-15 19:10:20.994171
0.77,250.0,,,Vertex,2023-10-15 19:10:20.994171
0.766,2000.0,,,Vertex,2023-10-15 19:10:20.994171
0.765,250.0,,,Vertex,2023-10-15 19:10:20.994171
0.76,250.0,,,Vertex,2023-10-15 19:10:20.994171
0.755,250.0,,,Vertex,2023-10-15 19:10:20.994171
0.75,300.0,,,Vertex,2023-10-15 19:10:20.994171
0.7465,220.0,,,Vertex,2023-10-15 19:10:20.994171
0.745,300.0,,,Vertex,2023-10-15 19:10:20.994171
0.74,300.0,,,Vertex,2023-10-15 19:10:20.994171
0.735,300.0,,,Vertex,2023-10-15 19:10:20.994171
0.8042,24860.0,0.8043,6210.0,Vertex,2023-10-15 20:13:29.580863
0.8041,56720.0,0.8044,75340.0,Vertex,2023-10-15 20:13:29.580863
0.804,19870.0,0.8045,19870.0,Vertex,2023-10-15 20:13:29.580863
0.8038,111960.0,0.8046,40970.0,Vertex,2023-10-15 20:13:29.580863
0.8037,35110.0,0.8047,111840.0,Vertex,2023-10-15 20:13:29.580863
0.8034,39150.0,0.8051,44760.0,Vertex,2023-10-15 20:13:29.580863
0.8033,136650.0,0.8054,12420.0,Vertex,2023-10-15 20:13:29.580863
0.8026,3720.0,0.8055,124150.0,Vertex,2023-10-15 20:13:29.580863
0.801,3100.0,0.8073,7180.0,Vertex,2023-10-15 20:13:29.580863
0.8007,3240.0,0.8075,3100.0,Vertex,2023-10-15 20:13:29.580863
0.7967,220.0,0.8775,100.0,Vertex,2023-10-15 20:13:29.580863
0.7901,750.0,,,Vertex,2023-10-15 20:13:29.580863
0.787,1500.0,,,Vertex,2023-10-15 20:13:29.580863
0.785,200.0,,,Vertex,2023-10-15 20:13:29.580863
0.78,200.0,,,Vertex,2023-10-15 20:13:29.580863
0.775,250.0,,,Vertex,2023-10-15 20:13:29.580863
0.77,250.0,,,Vertex,2023-10-15 20:13:29.580863
0.766,2000.0,,,Vertex,2023-10-15 20:13:29.580863
0.765,250.0,,,Vertex,2023-10-15 20:13:29.580863
0.76,250.0,,,Vertex,2023-10-15 20:13:29.580863
0.755,250.0,,,Vertex,2023-10-15 20:13:29.580863
0.75,300.0,,,Vertex,2023-10-15 20:13:29.580863
0.7465,220.0,,,Vertex,2023-10-15 20:13:29.580863
0.745,300.0,,,Vertex,2023-10-15 20:13:29.580863
0.74,300.0,,,Vertex,2023-10-15 20:13:29.580863
0.8048,6210.0,0.8049,6970.0,Vertex,2023-10-15 21:11:22.310356
0.8047,45450.0,0.805,26050.0,Vertex,2023-10-15 21:11:22.310356
0.8046,49710.0,0.8051,59600.0,Vertex,2023-10-15 21:11:22.310356
0.8042,35110.0,0.8052,49670.0,Vertex,2023-10-15 21:11:22.310356
0.8041,111910.0,0.8055,168810.0,Vertex,2023-10-15 21:11:22.310356
0.8039,39150.0,0.8056,111720.0,Vertex,2023-10-15 21:11:22.310356
0.8035,124050.0,0.8058,12400.0,Vertex,2023-10-15 21:11:22.310356
0.8034,12400.0,0.8079,3720.0,Vertex,2023-10-15 21:11:22.310356
0.8033,3720.0,0.808,3460.0,Vertex,2023-10-15 21:11:22.310356
0.8016,3100.0,0.8081,3100.0,Vertex,2023-10-15 21:11:22.310356
0.8013,3240.0,0.821,1240.0,Vertex,2023-10-15 21:11:22.310356
0.7967,220.0,0.8775,100.0,Vertex,2023-10-15 21:11:22.310356
0.7901,750.0,,,Vertex,2023-10-15 21:11:22.310356
0.7883,1240.0,,,Vertex,2023-10-15 21:11:22.310356
0.787,1500.0,,,Vertex,2023-10-15 21:11:22.310356
0.785,200.0,,,Vertex,2023-10-15 21:11:22.310356
0.78,200.0,,,Vertex,2023-10-15 21:11:22.310356
0.775,250.0,,,Vertex,2023-10-15 21:11:22.310356
0.77,250.0,,,Vertex,2023-10-15 21:11:22.310356
0.766,2000.0,,,Vertex,2023-10-15 21:11:22.310356
0.765,250.0,,,Vertex,2023-10-15 21:11:22.310356
0.76,250.0,,,Vertex,2023-10-15 21:11:22.310356
0.755,250.0,,,Vertex,2023-10-15 21:11:22.310356
0.75,300.0,,,Vertex,2023-10-15 21:11:22.310356
0.7465,220.0,,,Vertex,2023-10-15 21:11:22.310356
0.8061,6970.0,0.8063,13170.0,Vertex,2023-10-15 22:12:14.671668
0.806,26040.0,0.8064,40970.0,Vertex,2023-10-15 22:12:14.671668
0.8059,18610.0,0.8065,38430.0,Vertex,2023-10-15 22:12:14.671668
0.8058,49630.0,0.8066,49590.0,Vertex,2023-10-15 22:12:14.671668
0.8055,35110.0,0.8068,44760.0,Vertex,2023-10-15 22:12:14.671668
0.8053,111750.0,0.8071,111520.0,Vertex,2023-10-15 22:12:14.671668
0.8052,39150.0,0.8074,136460.0,Vertex,2023-10-15 22:12:14.671668
0.8049,127780.0,0.8093,3720.0,Vertex,2023-10-15 22:12:14.671668
0.8048,12400.0,0.8094,3450.0,Vertex,2023-10-15 22:12:14.671668
0.803,3090.0,0.8096,3090.0,Vertex,2023-10-15 22:12:14.671668
0.8027,3230.0,0.8226,1230.0,Vertex,2023-10-15 22:12:14.671668
0.7967,220.0,0.8775,100.0,Vertex,2023-10-15 22:12:14.671668
0.7901,750.0,,,Vertex,2023-10-15 22:12:14.671668
0.79,1230.0,,,Vertex,2023-10-15 22:12:14.671668
0.787,1500.0,,,Vertex,2023-10-15 22:12:14.671668
0.785,200.0,,,Vertex,2023-10-15 22:12:14.671668
0.78,200.0,,,Vertex,2023-10-15 22:12:14.671668
0.775,250.0,,,Vertex,2023-10-15 22:12:14.671668
0.77,250.0,,,Vertex,2023-10-15 22:12:14.671668
0.766,2000.0,,,Vertex,2023-10-15 22:12:14.671668
0.765,250.0,,,Vertex,2023-10-15 22:12:14.671668
0.76,250.0,,,Vertex,2023-10-15 22:12:14.671668
0.755,250.0,,,Vertex,2023-10-15 22:12:14.671668
0.75,300.0,,,Vertex,2023-10-15 22:12:14.671668
0.7465,220.0,,,Vertex,2023-10-15 22:12:14.671668
0.8013,6230.0,0.8014,54220.0,Vertex,2023-10-15 23:13:16.062341
0.8012,26980.0,0.8016,19960.0,Vertex,2023-10-15 23:13:16.062341
0.8011,18720.0,0.8017,68600.0,Vertex,2023-10-15 23:13:16.062341
0.801,49930.0,0.802,44760.0,Vertex,2023-10-15 23:13:16.062341
0.8005,147530.0,0.8021,124790.0,Vertex,2023-10-15 23:13:16.062341
0.8003,35110.0,0.8023,124650.0,Vertex,2023-10-15 23:13:16.062341
0.7999,12480.0,0.8045,7220.0,Vertex,2023-10-15 23:13:16.062341
0.7998,128540.0,0.8046,3110.0,Vertex,2023-10-15 23:13:16.062341
0.7981,3110.0,0.8165,1240.0,Vertex,2023-10-15 23:13:16.062341
0.7979,3250.0,0.8775,100.0,Vertex,2023-10-15 23:13:16.062341
0.7967,220.0,,,Vertex,2023-10-15 23:13:16.062341
0.7901,750.0,,,Vertex,2023-10-15 23:13:16.062341
0.787,1500.0,,,Vertex,2023-10-15 23:13:16.062341
0.785,200.0,,,Vertex,2023-10-15 23:13:16.062341
0.7845,1240.0,,,Vertex,2023-10-15 23:13:16.062341
0.78,200.0,,,Vertex,2023-10-15 23:13:16.062341
0.775,250.0,,,Vertex,2023-10-15 23:13:16.062341
0.77,250.0,,,Vertex,2023-10-15 23:13:16.062341
0.766,2000.0,,,Vertex,2023-10-15 23:13:16.062341
0.765,250.0,,,Vertex,2023-10-15 23:13:16.062341
0.76,250.0,,,Vertex,2023-10-15 23:13:16.062341
0.755,250.0,,,Vertex,2023-10-15 23:13:16.062341
0.75,300.0,,,Vertex,2023-10-15 23:13:16.062341
0.7465,220.0,,,Vertex,2023-10-15 23:13:16.062341
0.745,300.0,,,Vertex,2023-10-15 23:13:16.062341
0.8073,6190.0,0.8074,13150.0,Vertex,2023-10-16 01:01:43.660906
0.8072,68130.0,0.8075,87910.0,Vertex,2023-10-16 01:01:43.660906
0.8071,6960.0,0.8077,40970.0,Vertex,2023-10-16 01:01:43.660906
0.807,19810.0,0.8079,111400.0,Vertex,2023-10-16 01:01:43.660906
0.8069,111530.0,0.8081,168570.0,Vertex,2023-10-16 01:01:43.660906
0.8068,35110.0,0.8083,12380.0,Vertex,2023-10-16 01:01:43.660906
0.8064,39150.0,0.8104,3450.0,Vertex,2023-10-16 01:01:43.660906
0.8063,12380.0,0.8105,3710.0,Vertex,2023-10-16 01:01:43.660906
0.8055,127520.0,0.8106,3090.0,Vertex,2023-10-16 01:01:43.660906
0.8041,3090.0,0.823,1230.0,Vertex,2023-10-16 01:01:43.660906
0.8038,3230.0,0.8775,100.0,Vertex,2023-10-16 01:01:43.660906
0.7967,220.0,,,Vertex,2023-10-16 01:01:43.660906
0.7906,1230.0,,,Vertex,2023-10-16 01:01:43.660906
0.7901,750.0,,,Vertex,2023-10-16 01:01:43.660906
0.787,1500.0,,,Vertex,2023-10-16 01:01:43.660906
0.785,200.0,,,Vertex,2023-10-16 01:01:43.660906
0.78,200.0,,,Vertex,2023-10-16 01:01:43.660906
0.775,250.0,,,Vertex,2023-10-16 01:01:43.660906
0.77,250.0,,,Vertex,2023-10-16 01:01:43.660906
0.766,2000.0,,,Vertex,2023-10-16 01:01:43.660906
0.765,250.0,,,Vertex,2023-10-16 01:01:43.660906
0.76,250.0,,,Vertex,2023-10-16 01:01:43.660906
0.755,250.0,,,Vertex,2023-10-16 01:01:43.660906
0.75,300.0,,,Vertex,2023-10-16 01:01:43.660906
0.7465,220.0,,,Vertex,2023-10-16 01:01:43.660906
0.8138,24570.0,0.814,31470.0,Vertex,2023-10-16 02:22:52.601235
0.8137,56060.0,0.8141,68790.0,Vertex,2023-10-16 02:22:52.601235
0.8136,19660.0,0.8144,151480.0,Vertex,2023-10-16 02:22:52.601235
0.8134,145750.0,0.8146,122930.0,Vertex,2023-10-16 02:22:52.601235
0.8132,35110.0,0.8148,44760.0,Vertex,2023-10-16 02:22:52.601235
0.8128,135220.0,0.8151,12290.0,Vertex,2023-10-16 02:22:52.601235
0.8127,3680.0,0.8169,3680.0,Vertex,2023-10-16 02:22:52.601235
0.8106,3060.0,0.817,3420.0,Vertex,2023-10-16 02:22:52.601235
0.8102,3200.0,0.8172,3070.0,Vertex,2023-10-16 02:22:52.601235
0.7977,1220.0,0.8297,1220.0,Vertex,2023-10-16 02:22:52.601235
0.7967,220.0,0.8775,100.0,Vertex,2023-10-16 02:22:52.601235
0.7901,750.0,,,Vertex,2023-10-16 02:22:52.601235
0.787,1500.0,,,Vertex,2023-10-16 02:22:52.601235
0.785,200.0,,,Vertex,2023-10-16 02:22:52.601235
0.78,200.0,,,Vertex,2023-10-16 02:22:52.601235
0.775,250.0,,,Vertex,2023-10-16 02:22:52.601235
0.77,250.0,,,Vertex,2023-10-16 02:22:52.601235
0.766,2000.0,,,Vertex,2023-10-16 02:22:52.601235
0.765,250.0,,,Vertex,2023-10-16 02:22:52.601235
0.76,250.0,,,Vertex,2023-10-16 02:22:52.601235
0.755,250.0,,,Vertex,2023-10-16 02:22:52.601235
0.75,300.0,,,Vertex,2023-10-16 02:22:52.601235
0.7465,220.0,,,Vertex,2023-10-16 02:22:52.601235
0.745,300.0,,,Vertex,2023-10-16 02:22:52.601235
0.74,300.0,,,Vertex,2023-10-16 02:22:52.601235
0.8107,6160.0,0.8108,6160.0,Vertex,2023-10-16 03:14:37.732448
0.8106,94490.0,0.8109,74740.0,Vertex,2023-10-16 03:14:37.732448
0.8103,111060.0,0.811,60690.0,Vertex,2023-10-16 03:14:37.732448
0.8101,35110.0,0.8112,110940.0,Vertex,2023-10-16 03:14:37.732448
0.8098,162460.0,0.8116,168070.0,Vertex,2023-10-16 03:14:37.732448
0.8095,12330.0,0.8118,12330.0,Vertex,2023-10-16 03:14:37.732448
0.809,3690.0,0.8137,3440.0,Vertex,2023-10-16 03:14:37.732448
0.8075,3080.0,0.8139,3690.0,Vertex,2023-10-16 03:14:37.732448
0.8071,3220.0,0.814,3080.0,Vertex,2023-10-16 03:14:37.732448
0.7967,220.0,0.8268,1230.0,Vertex,2023-10-16 03:14:37.732448
0.794,1230.0,0.8775,100.0,Vertex,2023-10-16 03:14:37.732448
0.7901,750.0,,,Vertex,2023-10-16 03:14:37.732448
0.787,1500.0,,,Vertex,2023-10-16 03:14:37.732448
0.785,200.0,,,Vertex,2023-10-16 03:14:37.732448
0.78,200.0,,,Vertex,2023-10-16 03:14:37.732448
0.775,250.0,,,Vertex,2023-10-16 03:14:37.732448
0.77,250.0,,,Vertex,2023-10-16 03:14:37.732448
0.766,2000.0,,,Vertex,2023-10-16 03:14:37.732448
0.765,250.0,,,Vertex,2023-10-16 03:14:37.732448
0.76,250.0,,,Vertex,2023-10-16 03:14:37.732448
0.755,250.0,,,Vertex,2023-10-16 03:14:37.732448
0.75,300.0,,,Vertex,2023-10-16 03:14:37.732448
0.7465,220.0,,,Vertex,2023-10-16 03:14:37.732448
0.745,300.0,,,Vertex,2023-10-16 03:14:37.732448
0.74,300.0,,,Vertex,2023-10-16 03:14:37.732448
0.8125,6150.0,0.8126,6910.0,Vertex,2023-10-16 04:16:38.203203
0.8124,26570.0,0.8127,25810.0,Vertex,2023-10-16 04:16:38.203203
0.8123,67700.0,0.8128,40970.0,Vertex,2023-10-16 04:16:38.203203
0.8119,145960.0,0.8129,67650.0,Vertex,2023-10-16 04:16:38.203203
0.8116,39150.0,0.8132,110680.0,Vertex,2023-10-16 04:16:38.203203
0.811,138900.0,0.8133,179980.0,Vertex,2023-10-16 04:16:38.203203
0.8093,3070.0,0.8156,3430.0,Vertex,2023-10-16 04:16:38.203203
0.809,3210.0,0.8158,6750.0,Vertex,2023-10-16 04:16:38.203203
0.7967,220.0,0.8289,1220.0,Vertex,2023-10-16 04:16:38.203203
0.796,1220.0,0.8775,100.0,Vertex,2023-10-16 04:16:38.203203
0.7901,750.0,,,Vertex,2023-10-16 04:16:38.203203
0.787,1500.0,,,Vertex,2023-10-16 04:16:38.203203
0.785,200.0,,,Vertex,2023-10-16 04:16:38.203203
0.78,200.0,,,Vertex,2023-10-16 04:16:38.203203
0.775,250.0,,,Vertex,2023-10-16 04:16:38.203203
0.77,250.0,,,Vertex,2023-10-16 04:16:38.203203
0.766,2000.0,,,Vertex,2023-10-16 04:16:38.203203
0.765,250.0,,,Vertex,2023-10-16 04:16:38.203203
0.76,250.0,,,Vertex,2023-10-16 04:16:38.203203
0.755,250.0,,,Vertex,2023-10-16 04:16:38.203203
0.75,300.0,,,Vertex,2023-10-16 04:16:38.203203
0.7465,220.0,,,Vertex,2023-10-16 04:16:38.203203
0.745,300.0,,,Vertex,2023-10-16 04:16:38.203203
0.74,300.0,,,Vertex,2023-10-16 04:16:38.203203
0.735,300.0,,,Vertex,2023-10-16 04:16:38.203203
0.8163,6120.0,0.8164,24490.0,Vertex,2023-10-16 05:13:27.996759
0.8162,93860.0,0.8165,55880.0,Vertex,2023-10-16 05:13:27.996759
0.8159,110300.0,0.8166,72820.0,Vertex,2023-10-16 05:13:27.996759
0.8156,35110.0,0.8167,110200.0,Vertex,2023-10-16 05:13:27.996759
0.8151,161660.0,0.817,44760.0,Vertex,2023-10-16 05:13:27.996759
0.8147,3670.0,0.8175,122510.0,Vertex,2023-10-16 05:13:27.996759
0.8144,12250.0,0.8194,7080.0,Vertex,2023-10-16 05:13:27.996759
0.813,3060.0,0.8197,3060.0,Vertex,2023-10-16 05:13:27.996759
0.8127,3190.0,0.832,1220.0,Vertex,2023-10-16 05:13:27.996759
0.7992,1220.0,0.8775,100.0,Vertex,2023-10-16 05:13:27.996759
0.7967,220.0,,,Vertex,2023-10-16 05:13:27.996759
0.7901,750.0,,,Vertex,2023-10-16 05:13:27.996759
0.787,1500.0,,,Vertex,2023-10-16 05:13:27.996759
0.785,200.0,,,Vertex,2023-10-16 05:13:27.996759
0.78,200.0,,,Vertex,2023-10-16 05:13:27.996759
0.775,250.0,,,Vertex,2023-10-16 05:13:27.996759
0.77,250.0,,,Vertex,2023-10-16 05:13:27.996759
0.766,2000.0,,,Vertex,2023-10-16 05:13:27.996759
0.765,250.0,,,Vertex,2023-10-16 05:13:27.996759
0.76,250.0,,,Vertex,2023-10-16 05:13:27.996759
0.755,250.0,,,Vertex,2023-10-16 05:13:27.996759
0.75,300.0,,,Vertex,2023-10-16 05:13:27.996759
0.7465,220.0,,,Vertex,2023-10-16 05:13:27.996759
0.745,300.0,,,Vertex,2023-10-16 05:13:27.996759
0.74,300.0,,,Vertex,2023-10-16 05:13:27.996759
0.8241,24260.0,0.8242,26160.0,Vertex,2023-10-16 06:19:18.868415
0.824,55340.0,0.8244,6060.0,Vertex,2023-10-16 06:19:18.868415
0.8239,42130.0,0.8246,66690.0,Vertex,2023-10-16 06:19:18.868415
0.8236,128620.0,0.8251,109080.0,Vertex,2023-10-16 06:19:18.868415
0.8234,45870.0,0.8253,121040.0,Vertex,2023-10-16 06:19:18.868415
0.823,133140.0,0.8254,12100.0,Vertex,2023-10-16 06:19:18.868415
0.8226,3630.0,0.8256,3500.0,Vertex,2023-10-16 06:19:18.868415
0.8208,3030.0,0.8272,3380.0,Vertex,2023-10-16 06:19:18.868415
0.8205,3160.0,0.8274,3630.0,Vertex,2023-10-16 06:19:18.868415
0.8077,1210.0,0.8275,3030.0,Vertex,2023-10-16 06:19:18.868415
0.7967,220.0,0.8408,1210.0,Vertex,2023-10-16 06:19:18.868415
0.7901,750.0,0.8462,1200.0,Vertex,2023-10-16 06:19:18.868415
0.787,1500.0,0.8775,100.0,Vertex,2023-10-16 06:19:18.868415
0.785,200.0,,,Vertex,2023-10-16 06:19:18.868415
0.78,200.0,,,Vertex,2023-10-16 06:19:18.868415
0.775,250.0,,,Vertex,2023-10-16 06:19:18.868415
0.77,250.0,,,Vertex,2023-10-16 06:19:18.868415
0.766,2000.0,,,Vertex,2023-10-16 06:19:18.868415
0.765,250.0,,,Vertex,2023-10-16 06:19:18.868415
0.76,250.0,,,Vertex,2023-10-16 06:19:18.868415
0.755,250.0,,,Vertex,2023-10-16 06:19:18.868415
0.75,300.0,,,Vertex,2023-10-16 06:19:18.868415
0.7465,220.0,,,Vertex,2023-10-16 06:19:18.868415
0.745,300.0,,,Vertex,2023-10-16 06:19:18.868415
0.74,300.0,,,Vertex,2023-10-16 06:19:18.868415
0.8222,6080.0,0.8223,32350.0,Vertex,2023-10-16 07:13:20.445802
0.8221,73720.0,0.8224,66870.0,Vertex,2023-10-16 07:13:20.445802
0.822,42130.0,0.8227,109390.0,Vertex,2023-10-16 07:13:20.445802
0.8218,109500.0,0.8234,133690.0,Vertex,2023-10-16 07:13:20.445802
0.8216,65310.0,0.8237,3500.0,Vertex,2023-10-16 07:13:20.445802
0.8211,12150.0,0.8253,3390.0,Vertex,2023-10-16 07:13:20.445802
0.8207,125180.0,0.8255,3640.0,Vertex,2023-10-16 07:13:20.445802
0.8189,3040.0,0.8256,3030.0,Vertex,2023-10-16 07:13:20.445802
0.8187,3170.0,0.839,1210.0,Vertex,2023-10-16 07:13:20.445802
0.806,1210.0,0.8462,1200.0,Vertex,2023-10-16 07:13:20.445802
0.7967,220.0,0.8775,100.0,Vertex,2023-10-16 07:13:20.445802
0.7901,750.0,,,Vertex,2023-10-16 07:13:20.445802
0.787,1500.0,,,Vertex,2023-10-16 07:13:20.445802
0.785,200.0,,,Vertex,2023-10-16 07:13:20.445802
0.78,200.0,,,Vertex,2023-10-16 07:13:20.445802
0.775,250.0,,,Vertex,2023-10-16 07:13:20.445802
0.77,250.0,,,Vertex,2023-10-16 07:13:20.445802
0.766,2000.0,,,Vertex,2023-10-16 07:13:20.445802
0.765,250.0,,,Vertex,2023-10-16 07:13:20.445802
0.76,250.0,,,Vertex,2023-10-16 07:13:20.445802
0.755,250.0,,,Vertex,2023-10-16 07:13:20.445802
0.75,300.0,,,Vertex,2023-10-16 07:13:20.445802
0.7465,220.0,,,Vertex,2023-10-16 07:13:20.445802
0.745,300.0,,,Vertex,2023-10-16 07:13:20.445802
0.74,300.0,,,Vertex,2023-10-16 07:13:20.445802
0.8231,24290.0,0.8232,32340.0,Vertex,2023-10-16 08:18:35.771577
0.823,55440.0,0.8233,66790.0,Vertex,2023-10-16 08:18:35.771577
0.8228,42130.0,0.8237,109260.0,Vertex,2023-10-16 08:18:35.771577
0.8227,109390.0,0.8239,133760.0,Vertex,2023-10-16 08:18:35.771577
0.8226,19450.0,0.8245,3500.0,Vertex,2023-10-16 08:18:35.771577
0.8223,45870.0,0.8261,3640.0,Vertex,2023-10-16 08:18:35.771577
0.822,12160.0,0.8262,3380.0,Vertex,2023-10-16 08:18:35.771577
0.8218,125240.0,0.8265,3030.0,Vertex,2023-10-16 08:18:35.771577
0.8198,3030.0,0.8387,1210.0,Vertex,2023-10-16 08:18:35.771577
0.8195,3170.0,0.8462,1200.0,Vertex,2023-10-16 08:18:35.771577
0.8057,1210.0,0.8775,100.0,Vertex,2023-10-16 08:18:35.771577
0.7967,220.0,,,Vertex,2023-10-16 08:18:35.771577
0.7901,750.0,,,Vertex,2023-10-16 08:18:35.771577
0.787,1500.0,,,Vertex,2023-10-16 08:18:35.771577
0.785,200.0,,,Vertex,2023-10-16 08:18:35.771577
0.78,200.0,,,Vertex,2023-10-16 08:18:35.771577
0.775,250.0,,,Vertex,2023-10-16 08:18:35.771577
0.77,250.0,,,Vertex,2023-10-16 08:18:35.771577
0.766,2000.0,,,Vertex,2023-10-16 08:18:35.771577
0.765,250.0,,,Vertex,2023-10-16 08:18:35.771577
0.76,250.0,,,Vertex,2023-10-16 08:18:35.771577
0.755,250.0,,,Vertex,2023-10-16 08:18:35.771577
0.75,300.0,,,Vertex,2023-10-16 08:18:35.771577
0.7465,220.0,,,Vertex,2023-10-16 08:18:35.771577
0.745,300.0,,,Vertex,2023-10-16 08:18:35.771577
0.8173,6110.0,0.8174,6110.0,Vertex,2023-10-16 09:15:03.409553
0.8172,74170.0,0.8175,44780.0,Vertex,2023-10-16 09:15:03.409553
0.817,42130.0,0.8176,48920.0,Vertex,2023-10-16 09:15:03.409553
0.8169,19560.0,0.8179,110040.0,Vertex,2023-10-16 09:15:03.409553
0.8168,110180.0,0.8183,122310.0,Vertex,2023-10-16 09:15:03.409553
0.8166,45870.0,0.8184,12230.0,Vertex,2023-10-16 09:15:03.409553
0.816,12230.0,0.8186,3500.0,Vertex,2023-10-16 09:15:03.409553
0.8157,125970.0,0.8205,7070.0,Vertex,2023-10-16 09:15:03.409553
0.814,3050.0,0.8207,3050.0,Vertex,2023-10-16 09:15:03.409553
0.8138,3190.0,0.834,1220.0,Vertex,2023-10-16 09:15:03.409553
0.8013,1220.0,0.8775,100.0,Vertex,2023-10-16 09:15:03.409553
0.7967,220.0,,,Vertex,2023-10-16 09:15:03.409553
0.7901,750.0,,,Vertex,2023-10-16 09:15:03.409553
0.787,1500.0,,,Vertex,2023-10-16 09:15:03.409553
0.785,200.0,,,Vertex,2023-10-16 09:15:03.409553
0.78,200.0,,,Vertex,2023-10-16 09:15:03.409553
0.775,250.0,,,Vertex,2023-10-16 09:15:03.409553
0.77,250.0,,,Vertex,2023-10-16 09:15:03.409553
0.766,2000.0,,,Vertex,2023-10-16 09:15:03.409553
0.765,250.0,,,Vertex,2023-10-16 09:15:03.409553
0.76,250.0,,,Vertex,2023-10-16 09:15:03.409553
0.755,250.0,,,Vertex,2023-10-16 09:15:03.409553
0.75,300.0,,,Vertex,2023-10-16 09:15:03.409553
0.7465,220.0,,,Vertex,2023-10-16 09:15:03.409553
0.745,300.0,,,Vertex,2023-10-16 09:15:03.409553
0.8191,31270.0,0.8193,32480.0,Vertex,2023-10-16 10:15:35.897903
0.819,48830.0,0.8194,67110.0,Vertex,2023-10-16 10:15:35.897903
0.8189,42130.0,0.8197,109790.0,Vertex,2023-10-16 10:15:35.897903
0.8188,129430.0,0.8204,12200.0,Vertex,2023-10-16 10:15:35.897903
0.8185,45870.0,0.8205,122040.0,Vertex,2023-10-16 10:15:35.897903
0.818,122040.0,0.8206,3500.0,Vertex,2023-10-16 10:15:35.897903
0.8179,15860.0,0.8223,3400.0,Vertex,2023-10-16 10:15:35.897903
0.8159,3050.0,0.8224,3660.0,Vertex,2023-10-16 10:15:35.897903
0.8156,3180.0,0.8225,3050.0,Vertex,2023-10-16 10:15:35.897903
0.803,1220.0,0.8358,1220.0,Vertex,2023-10-16 10:15:35.897903
0.7967,220.0,0.8775,100.0,Vertex,2023-10-16 10:15:35.897903
0.7901,750.0,,,Vertex,2023-10-16 10:15:35.897903
0.787,1500.0,,,Vertex,2023-10-16 10:15:35.897903
0.785,200.0,,,Vertex,2023-10-16 10:15:35.897903
0.78,200.0,,,Vertex,2023-10-16 10:15:35.897903
0.775,250.0,,,Vertex,2023-10-16 10:15:35.897903
0.77,250.0,,,Vertex,2023-10-16 10:15:35.897903
0.766,2000.0,,,Vertex,2023-10-16 10:15:35.897903
0.765,250.0,,,Vertex,2023-10-16 10:15:35.897903
0.76,250.0,,,Vertex,2023-10-16 10:15:35.897903
0.755,250.0,,,Vertex,2023-10-16 10:15:35.897903
0.75,300.0,,,Vertex,2023-10-16 10:15:35.897903
0.7465,220.0,,,Vertex,2023-10-16 10:15:35.897903
0.745,300.0,,,Vertex,2023-10-16 10:15:35.897903
0.74,300.0,,,Vertex,2023-10-16 10:15:35.897903
0.8188,6100.0,0.8189,25630.0,Vertex,2023-10-16 11:12:13.104169
0.8187,74020.0,0.819,74010.0,Vertex,2023-10-16 11:12:13.104169
0.8184,152100.0,0.8192,109860.0,Vertex,2023-10-16 11:12:13.104169
0.8183,19530.0,0.8197,134310.0,Vertex,2023-10-16 11:12:13.104169
0.8179,45870.0,0.8201,3500.0,Vertex,2023-10-16 11:12:13.104169
0.8175,122100.0,0.8218,7060.0,Vertex,2023-10-16 11:12:13.104169
0.8174,15870.0,0.8222,3050.0,Vertex,2023-10-16 11:12:13.104169
0.8155,3050.0,0.8353,1220.0,Vertex,2023-10-16 11:12:13.104169
0.8152,3180.0,0.8775,100.0,Vertex,2023-10-16 11:12:13.104169
0.8024,1220.0,,,Vertex,2023-10-16 11:12:13.104169
0.7967,220.0,,,Vertex,2023-10-16 11:12:13.104169
0.7901,750.0,,,Vertex,2023-10-16 11:12:13.104169
0.787,1500.0,,,Vertex,2023-10-16 11:12:13.104169
0.785,200.0,,,Vertex,2023-10-16 11:12:13.104169
0.78,200.0,,,Vertex,2023-10-16 11:12:13.104169
0.775,250.0,,,Vertex,2023-10-16 11:12:13.104169
0.77,250.0,,,Vertex,2023-10-16 11:12:13.104169
0.766,2000.0,,,Vertex,2023-10-16 11:12:13.104169
0.765,250.0,,,Vertex,2023-10-16 11:12:13.104169
0.76,250.0,,,Vertex,2023-10-16 11:12:13.104169
0.755,250.0,,,Vertex,2023-10-16 11:12:13.104169
0.75,300.0,,,Vertex,2023-10-16 11:12:13.104169
0.7465,220.0,,,Vertex,2023-10-16 11:12:13.104169
0.745,300.0,,,Vertex,2023-10-16 11:12:13.104169
0.74,300.0,,,Vertex,2023-10-16 11:12:13.104169
0.8213,6080.0,0.8214,43870.0,Vertex,2023-10-16 12:28:08.135251
0.8212,73820.0,0.8215,48690.0,Vertex,2023-10-16 12:28:08.135251
0.8209,171290.0,0.8216,6860.0,Vertex,2023-10-16 12:28:08.135251
0.8205,45870.0,0.8217,109530.0,Vertex,2023-10-16 12:28:08.135251
0.8198,137920.0,0.8223,134260.0,Vertex,2023-10-16 12:28:08.135251
0.818,3040.0,0.8226,3500.0,Vertex,2023-10-16 12:28:08.135251
0.8178,3170.0,0.8242,3660.0,Vertex,2023-10-16 12:28:08.135251
0.8048,1210.0,0.8243,3390.0,Vertex,2023-10-16 12:28:08.135251
0.7967,220.0,0.8247,3040.0,Vertex,2023-10-16 12:28:08.135251
0.7901,750.0,0.8381,1210.0,Vertex,2023-10-16 12:28:08.135251
0.787,1500.0,0.8775,100.0,Vertex,2023-10-16 12:28:08.135251
0.785,200.0,,,Vertex,2023-10-16 12:28:08.135251
0.78,200.0,,,Vertex,2023-10-16 12:28:08.135251
0.775,250.0,,,Vertex,2023-10-16 12:28:08.135251
0.77,250.0,,,Vertex,2023-10-16 12:28:08.135251
0.766,2000.0,,,Vertex,2023-10-16 12:28:08.135251
0.765,250.0,,,Vertex,2023-10-16 12:28:08.135251
0.76,250.0,,,Vertex,2023-10-16 12:28:08.135251
0.755,250.0,,,Vertex,2023-10-16 12:28:08.135251
0.75,300.0,,,Vertex,2023-10-16 12:28:08.135251
0.7465,220.0,,,Vertex,2023-10-16 12:28:08.135251
0.745,300.0,,,Vertex,2023-10-16 12:28:08.135251
0.74,300.0,,,Vertex,2023-10-16 12:28:08.135251
0.735,300.0,,,Vertex,2023-10-16 12:28:08.135251
0.73,300.0,,,Vertex,2023-10-16 12:28:08.135251
0.8198,24380.0,0.8199,12940.0,Vertex,2023-10-16 13:18:31.217107
0.8197,55640.0,0.82,86560.0,Vertex,2023-10-16 13:18:31.217107
0.8195,61620.0,0.8204,109700.0,Vertex,2023-10-16 13:18:31.217107
0.8194,109830.0,0.8208,121820.0,Vertex,2023-10-16 13:18:31.217107
0.819,45870.0,0.8212,3500.0,Vertex,2023-10-16 13:18:31.217107
0.8189,12180.0,0.8213,12180.0,Vertex,2023-10-16 13:18:31.217107
0.8184,125470.0,0.8228,3400.0,Vertex,2023-10-16 13:18:31.217107
0.8165,3040.0,0.8229,3650.0,Vertex,2023-10-16 13:18:31.217107
0.8163,3180.0,0.8232,3040.0,Vertex,2023-10-16 13:18:31.217107
0.8034,1210.0,0.8366,1210.0,Vertex,2023-10-16 13:18:31.217107
0.7967,220.0,0.8775,100.0,Vertex,2023-10-16 13:18:31.217107
0.7901,750.0,,,Vertex,2023-10-16 13:18:31.217107
0.787,1500.0,,,Vertex,2023-10-16 13:18:31.217107
0.785,200.0,,,Vertex,2023-10-16 13:18:31.217107
0.78,200.0,,,Vertex,2023-10-16 13:18:31.217107
0.775,250.0,,,Vertex,2023-10-16 13:18:31.217107
0.77,250.0,,,Vertex,2023-10-16 13:18:31.217107
0.766,2000.0,,,Vertex,2023-10-16 13:18:31.217107
0.765,250.0,,,Vertex,2023-10-16 13:18:31.217107
0.76,250.0,,,Vertex,2023-10-16 13:18:31.217107
0.755,250.0,,,Vertex,2023-10-16 13:18:31.217107
0.75,300.0,,,Vertex,2023-10-16 13:18:31.217107
0.7465,220.0,,,Vertex,2023-10-16 13:18:31.217107
0.745,300.0,,,Vertex,2023-10-16 13:18:31.217107
0.74,300.0,,,Vertex,2023-10-16 13:18:31.217107
0.812,26610.0,0.8121,73870.0,Vertex,2023-10-16 15:14:43.134774
0.8119,6150.0,0.8124,110780.0,Vertex,2023-10-16 15:14:43.134774
0.8118,67740.0,0.8125,19690.0,Vertex,2023-10-16 15:14:43.134774
0.8116,42130.0,0.8126,12300.0,Vertex,2023-10-16 15:14:43.134774
0.8114,110910.0,0.8133,126560.0,Vertex,2023-10-16 15:14:43.134774
0.8113,45870.0,0.8149,3690.0,Vertex,2023-10-16 15:14:43.134774
0.8109,123060.0,0.8152,3430.0,Vertex,2023-10-16 15:14:43.134774
0.8104,12300.0,0.8153,3070.0,Vertex,2023-10-16 15:14:43.134774
0.81,3690.0,0.8283,1230.0,Vertex,2023-10-16 15:14:43.134774
0.8088,3070.0,0.8775,100.0,Vertex,2023-10-16 15:14:43.134774
0.8085,3210.0,,,Vertex,2023-10-16 15:14:43.134774
0.7967,220.0,,,Vertex,2023-10-16 15:14:43.134774
0.7956,1230.0,,,Vertex,2023-10-16 15:14:43.134774
0.7901,750.0,,,Vertex,2023-10-16 15:14:43.134774
0.787,1500.0,,,Vertex,2023-10-16 15:14:43.134774
0.785,200.0,,,Vertex,2023-10-16 15:14:43.134774
0.78,200.0,,,Vertex,2023-10-16 15:14:43.134774
0.775,250.0,,,Vertex,2023-10-16 15:14:43.134774
0.77,250.0,,,Vertex,2023-10-16 15:14:43.134774
0.766,2000.0,,,Vertex,2023-10-16 15:14:43.134774
0.765,250.0,,,Vertex,2023-10-16 15:14:43.134774
0.76,250.0,,,Vertex,2023-10-16 15:14:43.134774
0.755,250.0,,,Vertex,2023-10-16 15:14:43.134774
0.75,300.0,,,Vertex,2023-10-16 15:14:43.134774
0.7465,220.0,,,Vertex,2023-10-16 15:14:43.134774
0.8091,32900.0,0.8092,6170.0,Vertex,2023-10-16 16:18:48.758488
0.8089,67980.0,0.8094,74890.0,Vertex,2023-10-16 16:18:48.758488
0.8088,42130.0,0.8096,32140.0,Vertex,2023-10-16 16:18:48.758488
0.8085,111310.0,0.8099,111130.0,Vertex,2023-10-16 16:18:48.758488
0.8083,45870.0,0.8105,3500.0,Vertex,2023-10-16 16:18:48.758488
0.8079,123640.0,0.8107,123640.0,Vertex,2023-10-16 16:18:48.758488
0.8075,12360.0,0.8123,7140.0,Vertex,2023-10-16 16:18:48.758488
0.807,3700.0,0.8124,3080.0,Vertex,2023-10-16 16:18:48.758488
0.8059,3080.0,0.8254,1230.0,Vertex,2023-10-16 16:18:48.758488
0.8056,3220.0,0.8775,100.0,Vertex,2023-10-16 16:18:48.758488
0.7967,220.0,,,Vertex,2023-10-16 16:18:48.758488
0.7929,1230.0,,,Vertex,2023-10-16 16:18:48.758488
0.7901,750.0,,,Vertex,2023-10-16 16:18:48.758488
0.787,1500.0,,,Vertex,2023-10-16 16:18:48.758488
0.785,200.0,,,Vertex,2023-10-16 16:18:48.758488
0.78,200.0,,,Vertex,2023-10-16 16:18:48.758488
0.775,250.0,,,Vertex,2023-10-16 16:18:48.758488
0.77,250.0,,,Vertex,2023-10-16 16:18:48.758488
0.766,2000.0,,,Vertex,2023-10-16 16:18:48.758488
0.765,250.0,,,Vertex,2023-10-16 16:18:48.758488
0.76,250.0,,,Vertex,2023-10-16 16:18:48.758488
0.755,250.0,,,Vertex,2023-10-16 16:18:48.758488
0.75,300.0,,,Vertex,2023-10-16 16:18:48.758488
0.7465,220.0,,,Vertex,2023-10-16 16:18:48.758488
0.745,300.0,,,Vertex,2023-10-16 16:18:48.758488
0.8094,6170.0,0.8095,6170.0,Vertex,2023-10-16 17:12:48.652736
0.8093,26720.0,0.8096,25470.0,Vertex,2023-10-16 17:12:48.652736
0.8092,67960.0,0.8097,49400.0,Vertex,2023-10-16 17:12:48.652736
0.809,42130.0,0.8098,19770.0,Vertex,2023-10-16 17:12:48.652736
0.8088,111270.0,0.8101,123450.0,Vertex,2023-10-16 17:12:48.652736
0.8085,45870.0,0.8103,123590.0,Vertex,2023-10-16 17:12:48.652736
0.8083,123590.0,0.8107,3500.0,Vertex,2023-10-16 17:12:48.652736
0.8076,16050.0,0.812,3700.0,Vertex,2023-10-16 17:12:48.652736
0.8062,3080.0,0.8125,3440.0,Vertex,2023-10-16 17:12:48.652736
0.8059,3220.0,0.8127,3080.0,Vertex,2023-10-16 17:12:48.652736
0.7967,220.0,0.8254,1230.0,Vertex,2023-10-16 17:12:48.652736
0.7934,1230.0,0.8775,100.0,Vertex,2023-10-16 17:12:48.652736
0.7901,750.0,,,Vertex,2023-10-16 17:12:48.652736
0.787,1500.0,,,Vertex,2023-10-16 17:12:48.652736
0.785,200.0,,,Vertex,2023-10-16 17:12:48.652736
0.78,200.0,,,Vertex,2023-10-16 17:12:48.652736
0.775,250.0,,,Vertex,2023-10-16 17:12:48.652736
0.77,250.0,,,Vertex,2023-10-16 17:12:48.652736
0.766,2000.0,,,Vertex,2023-10-16 17:12:48.652736
0.765,250.0,,,Vertex,2023-10-16 17:12:48.652736
0.76,250.0,,,Vertex,2023-10-16 17:12:48.652736
0.755,250.0,,,Vertex,2023-10-16 17:12:48.652736
0.75,600.0,,,Vertex,2023-10-16 17:12:48.652736
0.7465,220.0,,,Vertex,2023-10-16 17:12:48.652736
0.745,300.0,,,Vertex,2023-10-16 17:12:48.652736
0.8116,6160.0,0.8118,13070.0,Vertex,2023-10-16 18:19:00.124260
0.8115,6920.0,0.8119,19710.0,Vertex,2023-10-16 18:19:00.124260
0.8114,87480.0,0.812,18470.0,Vertex,2023-10-16 18:19:00.124260
0.8113,42130.0,0.8121,49250.0,Vertex,2023-10-16 18:19:00.124260
0.8109,110980.0,0.8124,123190.0,Vertex,2023-10-16 18:19:00.124260
0.8108,45870.0,0.8125,12310.0,Vertex,2023-10-16 18:19:00.124260
0.8104,123190.0,0.8126,110760.0,Vertex,2023-10-16 18:19:00.124260
0.8102,12310.0,0.8129,3500.0,Vertex,2023-10-16 18:19:00.124260
0.8094,3690.0,0.8144,3690.0,Vertex,2023-10-16 18:19:00.124260
0.8084,3080.0,0.8148,3430.0,Vertex,2023-10-16 18:19:00.124260
0.8081,3210.0,0.815,3080.0,Vertex,2023-10-16 18:19:00.124260
0.7967,220.0,0.8269,1230.0,Vertex,2023-10-16 18:19:00.124260
0.7945,1230.0,0.8775,100.0,Vertex,2023-10-16 18:19:00.124260
0.7901,750.0,,,Vertex,2023-10-16 18:19:00.124260
0.787,1500.0,,,Vertex,2023-10-16 18:19:00.124260
0.785,200.0,,,Vertex,2023-10-16 18:19:00.124260
0.78,200.0,,,Vertex,2023-10-16 18:19:00.124260
0.775,250.0,,,Vertex,2023-10-16 18:19:00.124260
0.77,250.0,,,Vertex,2023-10-16 18:19:00.124260
0.766,2000.0,,,Vertex,2023-10-16 18:19:00.124260
0.765,250.0,,,Vertex,2023-10-16 18:19:00.124260
0.76,250.0,,,Vertex,2023-10-16 18:19:00.124260
0.755,250.0,,,Vertex,2023-10-16 18:19:00.124260
0.75,600.0,,,Vertex,2023-10-16 18:19:00.124260
0.7465,220.0,,,Vertex,2023-10-16 18:19:00.124260
