bid_price,bid_size,ask_price,ask_size,protocol_name,timestamp
21.875,228.0,21.876,228.0,Vertex,2023-10-14 12:24:06.708532
21.874,257.0,21.878,685.0,Vertex,2023-10-14 12:24:06.708532
21.873,685.0,21.879,1828.0,Vertex,2023-10-14 12:24:06.708532
21.872,1828.0,21.88,257.0,Vertex,2023-10-14 12:24:06.708532
21.869,548.0,21.883,548.0,Vertex,2023-10-14 12:24:06.708532
21.866,816.0,21.885,4112.0,Vertex,2023-10-14 12:24:06.708532
21.864,137.0,21.902,677.0,Vertex,2023-10-14 12:24:06.708532
21.863,4116.0,21.904,1348.0,Vertex,2023-10-14 12:24:06.708532
21.857,816.0,21.906,4570.0,Vertex,2023-10-14 12:24:06.708532
21.854,1348.0,21.91,677.0,Vertex,2023-10-14 12:24:06.708532
21.85,4570.0,21.933,118.5,Vertex,2023-10-14 12:24:06.708532
21.824,128.0,21.963,114.0,Vertex,2023-10-14 12:24:06.708532
21.788,113.0,25.0,5.0,Vertex,2023-10-14 12:24:06.708532
21.3,67.5,26.8,5.0,Vertex,2023-10-14 12:24:06.708532
20.53,50.0,,,Vertex,2023-10-14 12:24:06.708532
18.9,773.0,,,Vertex,2023-10-14 12:24:06.708532
17.25,724.5,,,Vertex,2023-10-14 12:24:06.708532
16.5,606.0,,,Vertex,2023-10-14 12:24:06.708532
21.888,256.0,21.89,228.0,Vertex,2023-10-14 13:14:29.130097
21.887,228.0,21.891,685.0,Vertex,2023-10-14 13:14:29.130097
21.886,685.0,21.892,1827.0,Vertex,2023-10-14 13:14:29.130097
21.885,1827.0,21.896,256.0,Vertex,2023-10-14 13:14:29.130097
21.881,547.0,21.898,547.0,Vertex,2023-10-14 13:14:29.130097
21.877,4113.0,21.9,4109.0,Vertex,2023-10-14 13:14:29.130097
21.876,817.0,21.912,677.0,Vertex,2023-10-14 13:14:29.130097
21.868,816.0,21.915,2250.0,Vertex,2023-10-14 13:14:29.130097
21.859,136.0,21.918,4566.0,Vertex,2023-10-14 13:14:29.130097
21.852,4566.0,21.919,690.0,Vertex,2023-10-14 13:14:29.130097
21.849,2250.0,21.947,118.0,Vertex,2023-10-14 13:14:29.130097
21.838,128.0,21.977,114.0,Vertex,2023-10-14 13:14:29.130097
21.801,113.0,25.0,5.0,Vertex,2023-10-14 13:14:29.130097
21.3,67.5,26.8,5.0,Vertex,2023-10-14 13:14:29.130097
20.53,50.0,,,Vertex,2023-10-14 13:14:29.130097
18.9,773.0,,,Vertex,2023-10-14 13:14:29.130097
17.25,724.5,,,Vertex,2023-10-14 13:14:29.130097
16.5,606.0,,,Vertex,2023-10-14 13:14:29.130097
21.971,255.0,21.972,227.0,Vertex,2023-10-14 14:11:08.873711
21.968,227.0,21.974,2502.0,Vertex,2023-10-14 14:11:08.873711
21.967,1227.0,21.978,255.0,Vertex,2023-10-14 14:11:08.873711
21.966,1820.0,21.98,545.0,Vertex,2023-10-14 14:11:08.873711
21.958,4098.0,21.984,4094.0,Vertex,2023-10-14 14:11:08.873711
21.956,817.0,21.993,677.0,Vertex,2023-10-14 14:11:08.873711
21.955,136.0,21.995,4549.0,Vertex,2023-10-14 14:11:08.873711
21.947,816.0,21.998,2940.0,Vertex,2023-10-14 14:11:08.873711
21.942,2250.0,22.03,118.0,Vertex,2023-10-14 14:11:08.873711
21.934,4549.0,22.06,113.5,Vertex,2023-10-14 14:11:08.873711
21.92,127.5,25.0,5.0,Vertex,2023-10-14 14:11:08.873711
21.883,113.0,26.8,5.0,Vertex,2023-10-14 14:11:08.873711
21.3,67.5,,,Vertex,2023-10-14 14:11:08.873711
20.53,50.0,,,Vertex,2023-10-14 14:11:08.873711
18.9,773.0,,,Vertex,2023-10-14 14:11:08.873711
17.25,724.5,,,Vertex,2023-10-14 14:11:08.873711
16.5,606.0,,,Vertex,2023-10-14 14:11:08.873711
21.924,256.0,21.927,228.0,Vertex,2023-10-14 15:12:24.044233
21.923,228.0,21.928,940.0,Vertex,2023-10-14 15:12:24.044233
21.921,684.0,21.929,1824.0,Vertex,2023-10-14 15:12:24.044233
21.92,1824.0,21.931,547.0,Vertex,2023-10-14 15:12:24.044233
21.919,547.0,21.935,4103.0,Vertex,2023-10-14 15:12:24.044233
21.911,4107.0,21.944,677.0,Vertex,2023-10-14 15:12:24.044233
21.908,817.0,21.949,2250.0,Vertex,2023-10-14 15:12:24.044233
21.903,136.0,21.953,690.0,Vertex,2023-10-14 15:12:24.044233
21.902,816.0,21.957,4559.0,Vertex,2023-10-14 15:12:24.044233
21.9,4559.0,21.984,118.0,Vertex,2023-10-14 15:12:24.044233
21.882,2250.0,22.014,113.5,Vertex,2023-10-14 15:12:24.044233
21.874,128.0,25.0,5.0,Vertex,2023-10-14 15:12:24.044233
21.838,113.0,26.8,5.0,Vertex,2023-10-14 15:12:24.044233
20.53,50.0,,,Vertex,2023-10-14 15:12:24.044233
18.9,773.0,,,Vertex,2023-10-14 15:12:24.044233
16.5,606.0,,,Vertex,2023-10-14 15:12:24.044233
22.042,226.0,22.043,226.0,Vertex,2023-10-14 16:15:54.426941
22.04,680.0,22.045,3038.0,Vertex,2023-10-14 16:15:54.426941
22.039,2069.0,22.055,4080.0,Vertex,2023-10-14 16:15:54.426941
22.032,4628.0,22.059,677.0,Vertex,2023-10-14 16:15:54.426941
22.022,817.0,22.065,2250.0,Vertex,2023-10-14 16:15:54.426941
22.014,816.0,22.066,690.0,Vertex,2023-10-14 16:15:54.426941
22.012,2386.0,22.068,4534.0,Vertex,2023-10-14 16:15:54.426941
22.006,4534.0,22.101,117.5,Vertex,2023-10-14 16:15:54.426941
21.992,127.0,22.132,249.0,Vertex,2023-10-14 16:15:54.426941
21.955,112.0,25.0,5.0,Vertex,2023-10-14 16:15:54.426941
20.53,50.0,26.8,5.0,Vertex,2023-10-14 16:15:54.426941
18.9,773.0,,,Vertex,2023-10-14 16:15:54.426941
16.5,606.0,,,Vertex,2023-10-14 16:15:54.426941
22.042,255.0,22.043,2720.0,Vertex,2023-10-14 17:10:58.104358
22.039,543.0,22.053,544.0,Vertex,2023-10-14 17:10:58.104358
22.036,226.0,22.063,677.0,Vertex,2023-10-14 17:10:58.104358
22.035,680.0,22.072,690.0,Vertex,2023-10-14 17:10:58.104358
22.034,1815.0,22.076,2250.0,Vertex,2023-10-14 17:10:58.104358
22.028,817.0,22.078,4533.0,Vertex,2023-10-14 17:10:58.104358
22.026,4085.0,22.101,117.5,Vertex,2023-10-14 17:10:58.104358
22.025,135.0,22.131,113.0,Vertex,2023-10-14 17:10:58.104358
22.02,816.0,25.0,5.0,Vertex,2023-10-14 17:10:58.104358
22.019,2250.0,26.8,5.0,Vertex,2023-10-14 17:10:58.104358
22.015,4533.0,,,Vertex,2023-10-14 17:10:58.104358
21.992,127.0,,,Vertex,2023-10-14 17:10:58.104358
21.954,112.0,,,Vertex,2023-10-14 17:10:58.104358
21.8,229.0,,,Vertex,2023-10-14 17:10:58.104358
21.6,462.5,,,Vertex,2023-10-14 17:10:58.104358
21.4,700.5,,,Vertex,2023-10-14 17:10:58.104358
20.53,50.0,,,Vertex,2023-10-14 17:10:58.104358
18.9,773.0,,,Vertex,2023-10-14 17:10:58.104358
16.5,606.0,,,Vertex,2023-10-14 17:10:58.104358
21.999,255.0,22.0,908.0,Vertex,2023-10-14 18:16:27.680246
21.998,227.0,22.002,1818.0,Vertex,2023-10-14 18:16:27.680246
21.996,1226.0,22.007,545.0,Vertex,2023-10-14 18:16:27.680246
21.995,1818.0,22.009,4089.0,Vertex,2023-10-14 18:16:27.680246
21.986,4093.0,22.015,677.0,Vertex,2023-10-14 18:16:27.680246
21.979,817.0,22.022,690.0,Vertex,2023-10-14 18:16:27.680246
21.977,136.0,22.027,4545.0,Vertex,2023-10-14 18:16:27.680246
21.974,2250.0,22.041,2250.0,Vertex,2023-10-14 18:16:27.680246
21.971,816.0,22.058,117.5,Vertex,2023-10-14 18:16:27.680246
21.966,4545.0,22.088,113.5,Vertex,2023-10-14 18:16:27.680246
21.949,127.5,25.0,5.0,Vertex,2023-10-14 18:16:27.680246
21.911,113.0,26.8,5.0,Vertex,2023-10-14 18:16:27.680246
21.8,229.0,,,Vertex,2023-10-14 18:16:27.680246
21.6,462.5,,,Vertex,2023-10-14 18:16:27.680246
21.4,700.5,,,Vertex,2023-10-14 18:16:27.680246
20.53,50.0,,,Vertex,2023-10-14 18:16:27.680246
18.9,773.0,,,Vertex,2023-10-14 18:16:27.680246
16.5,606.0,,,Vertex,2023-10-14 18:16:27.680246
22.018,227.0,22.02,227.0,Vertex,2023-10-14 19:10:16.868459
22.017,681.0,22.021,681.0,Vertex,2023-10-14 19:10:16.868459
22.016,2071.0,22.022,1816.0,Vertex,2023-10-14 19:10:16.868459
22.013,545.0,22.027,545.0,Vertex,2023-10-14 19:10:16.868459
22.008,4089.0,22.031,4085.0,Vertex,2023-10-14 19:10:16.868459
21.999,817.0,22.036,677.0,Vertex,2023-10-14 19:10:16.868459
21.992,816.0,22.041,2250.0,Vertex,2023-10-14 19:10:16.868459
21.986,136.0,22.042,4541.0,Vertex,2023-10-14 19:10:16.868459
21.985,4541.0,22.043,690.0,Vertex,2023-10-14 19:10:16.868459
21.974,2250.0,22.077,117.5,Vertex,2023-10-14 19:10:16.868459
21.968,127.0,22.107,249.5,Vertex,2023-10-14 19:10:16.868459
21.93,113.0,25.0,5.0,Vertex,2023-10-14 19:10:16.868459
21.8,229.0,26.8,5.0,Vertex,2023-10-14 19:10:16.868459
21.6,462.5,,,Vertex,2023-10-14 19:10:16.868459
21.4,700.5,,,Vertex,2023-10-14 19:10:16.868459
20.53,50.0,,,Vertex,2023-10-14 19:10:16.868459
18.9,773.0,,,Vertex,2023-10-14 19:10:16.868459
16.5,606.0,,,Vertex,2023-10-14 19:10:16.868459
22.015,227.0,22.016,227.0,Vertex,2023-10-14 20:13:04.575500
22.014,681.0,22.017,681.0,Vertex,2023-10-14 20:13:04.575500
22.013,2072.0,22.019,1816.0,Vertex,2023-10-14 20:13:04.575500
22.009,544.0,22.025,4630.0,Vertex,2023-10-14 20:13:04.575500
22.003,4090.0,22.034,677.0,Vertex,2023-10-14 20:13:04.575500
21.998,817.0,22.039,2250.0,Vertex,2023-10-14 20:13:04.575500
21.992,136.0,22.041,690.0,Vertex,2023-10-14 20:13:04.575500
21.99,816.0,22.046,4541.0,Vertex,2023-10-14 20:13:04.575500
21.985,2250.0,22.073,117.5,Vertex,2023-10-14 20:13:04.575500
21.981,4541.0,22.104,113.5,Vertex,2023-10-14 20:13:04.575500
21.965,127.0,22.105,136.0,Vertex,2023-10-14 20:13:04.575500
21.927,113.0,25.0,5.0,Vertex,2023-10-14 20:13:04.575500
21.8,229.0,26.8,5.0,Vertex,2023-10-14 20:13:04.575500
21.6,462.5,,,Vertex,2023-10-14 20:13:04.575500
21.4,700.5,,,Vertex,2023-10-14 20:13:04.575500
20.53,50.0,,,Vertex,2023-10-14 20:13:04.575500
18.9,773.0,,,Vertex,2023-10-14 20:13:04.575500
16.5,606.0,,,Vertex,2023-10-14 20:13:04.575500
21.998,227.0,22.002,227.0,Vertex,2023-10-14 21:11:00.700665
21.995,255.0,22.006,681.0,Vertex,2023-10-14 21:11:00.700665
21.994,681.0,22.009,545.0,Vertex,2023-10-14 21:11:00.700665
21.993,2363.0,22.018,4087.0,Vertex,2023-10-14 21:11:00.700665
21.985,817.0,22.022,677.0,Vertex,2023-10-14 21:11:00.700665
21.981,4094.0,22.024,2250.0,Vertex,2023-10-14 21:11:00.700665
21.98,136.0,22.028,690.0,Vertex,2023-10-14 21:11:00.700665
21.979,817.0,22.034,4543.0,Vertex,2023-10-14 21:11:00.700665
21.975,4543.0,22.059,117.5,Vertex,2023-10-14 21:11:00.700665
21.974,2250.0,22.09,249.5,Vertex,2023-10-14 21:11:00.700665
21.948,127.5,25.0,5.0,Vertex,2023-10-14 21:11:00.700665
21.907,113.0,26.8,5.0,Vertex,2023-10-14 21:11:00.700665
21.8,229.0,,,Vertex,2023-10-14 21:11:00.700665
21.6,462.5,,,Vertex,2023-10-14 21:11:00.700665
21.4,700.5,,,Vertex,2023-10-14 21:11:00.700665
20.53,50.0,,,Vertex,2023-10-14 21:11:00.700665
18.9,773.0,,,Vertex,2023-10-14 21:11:00.700665
16.5,606.0,,,Vertex,2023-10-14 21:11:00.700665
21.947,227.0,21.95,227.0,Vertex,2023-10-14 22:11:47.045355
21.946,256.0,21.952,683.0,Vertex,2023-10-14 22:11:47.045355
21.945,683.0,21.954,1822.0,Vertex,2023-10-14 22:11:47.045355
21.944,1822.0,21.958,546.0,Vertex,2023-10-14 22:11:47.045355
21.941,546.0,21.96,4098.0,Vertex,2023-10-14 22:11:47.045355
21.935,4103.0,21.97,690.0,Vertex,2023-10-14 22:11:47.045355
21.933,817.0,21.974,2250.0,Vertex,2023-10-14 22:11:47.045355
21.925,3066.0,21.976,690.0,Vertex,2023-10-14 22:11:47.045355
21.923,4556.0,21.984,4556.0,Vertex,2023-10-14 22:11:47.045355
21.921,136.0,22.007,118.0,Vertex,2023-10-14 22:11:47.045355
21.896,127.5,22.037,113.5,Vertex,2023-10-14 22:11:47.045355
21.86,113.0,25.0,5.0,Vertex,2023-10-14 22:11:47.045355
21.8,229.0,26.8,5.0,Vertex,2023-10-14 22:11:47.045355
21.6,462.5,,,Vertex,2023-10-14 22:11:47.045355
21.4,700.5,,,Vertex,2023-10-14 22:11:47.045355
20.53,50.0,,,Vertex,2023-10-14 22:11:47.045355
18.9,773.0,,,Vertex,2023-10-14 22:11:47.045355
16.5,606.0,,,Vertex,2023-10-14 22:11:47.045355
21.999,482.0,22.0,227.0,Vertex,2023-10-14 23:12:29.245731
21.998,681.0,22.001,681.0,Vertex,2023-10-14 23:12:29.245731
21.997,1818.0,22.002,1818.0,Vertex,2023-10-14 23:12:29.245731
21.992,545.0,22.007,545.0,Vertex,2023-10-14 23:12:29.245731
21.989,4092.0,22.009,4089.0,Vertex,2023-10-14 23:12:29.245731
21.983,817.0,22.018,677.0,Vertex,2023-10-14 23:12:29.245731
21.981,136.0,22.024,2250.0,Vertex,2023-10-14 23:12:29.245731
21.974,816.0,22.025,690.0,Vertex,2023-10-14 23:12:29.245731
21.968,2250.0,22.027,4544.0,Vertex,2023-10-14 23:12:29.245731
21.966,4544.0,22.057,117.5,Vertex,2023-10-14 23:12:29.245731
21.949,127.5,22.088,113.5,Vertex,2023-10-14 23:12:29.245731
21.911,113.0,25.0,5.0,Vertex,2023-10-14 23:12:29.245731
21.8,229.0,26.8,5.0,Vertex,2023-10-14 23:12:29.245731
21.6,462.5,,,Vertex,2023-10-14 23:12:29.245731
21.4,700.5,,,Vertex,2023-10-14 23:12:29.245731
20.53,50.0,,,Vertex,2023-10-14 23:12:29.245731
18.9,773.0,,,Vertex,2023-10-14 23:12:29.245731
16.5,606.0,,,Vertex,2023-10-14 23:12:29.245731
21.875,257.0,21.876,2741.0,Vertex,2023-10-15 01:04:30.965135
21.872,776.0,21.883,4112.0,Vertex,2023-10-15 01:04:30.965135
21.87,685.0,21.885,548.0,Vertex,2023-10-15 01:04:30.965135
21.869,1829.0,21.895,677.0,Vertex,2023-10-15 01:04:30.965135
21.863,4116.0,21.904,690.0,Vertex,2023-10-15 01:04:30.965135
21.859,817.0,21.906,4570.0,Vertex,2023-10-15 01:04:30.965135
21.853,953.0,21.908,2250.0,Vertex,2023-10-15 01:04:30.965135
21.852,2250.0,21.933,118.5,Vertex,2023-10-15 01:04:30.965135
21.85,4570.0,21.963,114.0,Vertex,2023-10-15 01:04:30.965135
21.826,128.0,25.0,5.0,Vertex,2023-10-15 01:04:30.965135
21.8,229.0,26.8,5.0,Vertex,2023-10-15 01:04:30.965135
21.788,113.0,,,Vertex,2023-10-15 01:04:30.965135
21.6,462.5,,,Vertex,2023-10-15 01:04:30.965135
21.4,700.5,,,Vertex,2023-10-15 01:04:30.965135
20.53,50.0,,,Vertex,2023-10-15 01:04:30.965135
18.9,773.0,,,Vertex,2023-10-15 01:04:30.965135
16.5,606.0,,,Vertex,2023-10-15 01:04:30.965135
22.038,226.0,22.04,226.0,Vertex,2023-10-15 02:22:47.011398
22.036,1479.0,22.041,255.0,Vertex,2023-10-15 02:22:47.011398
22.034,1815.0,22.043,680.0,Vertex,2023-10-15 02:22:47.011398
22.025,4086.0,22.044,1814.0,Vertex,2023-10-15 02:22:47.011398
22.02,817.0,22.051,544.0,Vertex,2023-10-15 02:22:47.011398
22.018,135.0,22.055,4080.0,Vertex,2023-10-15 02:22:47.011398
22.012,816.0,22.057,677.0,Vertex,2023-10-15 02:22:47.011398
22.006,4532.0,22.064,690.0,Vertex,2023-10-15 02:22:47.011398
21.997,2250.0,22.065,2250.0,Vertex,2023-10-15 02:22:47.011398
21.988,127.0,22.068,4537.0,Vertex,2023-10-15 02:22:47.011398
21.95,112.0,22.098,117.5,Vertex,2023-10-15 02:22:47.011398
21.8,229.0,22.128,249.0,Vertex,2023-10-15 02:22:47.011398
21.6,462.5,25.0,5.0,Vertex,2023-10-15 02:22:47.011398
21.4,700.5,26.8,5.0,Vertex,2023-10-15 02:22:47.011398
20.53,50.0,,,Vertex,2023-10-15 02:22:47.011398
18.9,773.0,,,Vertex,2023-10-15 02:22:47.011398
16.5,606.0,,,Vertex,2023-10-15 02:22:47.011398
22.002,482.0,22.004,227.0,Vertex,2023-10-15 03:13:48.169700
22.0,681.0,22.007,681.0,Vertex,2023-10-15 03:13:48.169700
21.999,1818.0,22.008,2072.0,Vertex,2023-10-15 03:13:48.169700
21.997,545.0,22.013,545.0,Vertex,2023-10-15 03:13:48.169700
21.991,4092.0,22.018,4087.0,Vertex,2023-10-15 03:13:48.169700
21.987,817.0,22.023,677.0,Vertex,2023-10-15 03:13:48.169700
21.982,136.0,22.028,4549.0,Vertex,2023-10-15 03:13:48.169700
21.979,816.0,22.029,2250.0,Vertex,2023-10-15 03:13:48.169700
21.973,2250.0,22.03,690.0,Vertex,2023-10-15 03:13:48.169700
21.971,4549.0,22.061,117.5,Vertex,2023-10-15 03:13:48.169700
21.953,127.5,22.093,113.5,Vertex,2023-10-15 03:13:48.169700
21.916,113.0,25.0,5.0,Vertex,2023-10-15 03:13:48.169700
21.8,229.0,26.8,5.0,Vertex,2023-10-15 03:13:48.169700
21.6,462.5,,,Vertex,2023-10-15 03:13:48.169700
21.4,700.5,,,Vertex,2023-10-15 03:13:48.169700
20.53,50.0,,,Vertex,2023-10-15 03:13:48.169700
18.9,773.0,,,Vertex,2023-10-15 03:13:48.169700
16.5,606.0,,,Vertex,2023-10-15 03:13:48.169700
21.9,228.0,21.901,228.0,Vertex,2023-10-15 04:15:31.079085
21.898,684.0,21.903,2510.0,Vertex,2023-10-15 04:15:31.079085
21.897,1826.0,21.904,256.0,Vertex,2023-10-15 04:15:31.079085
21.896,256.0,21.911,4654.0,Vertex,2023-10-15 04:15:31.079085
21.894,547.0,21.922,677.0,Vertex,2023-10-15 04:15:31.079085
21.888,4111.0,21.925,2250.0,Vertex,2023-10-15 04:15:31.079085
21.886,136.0,21.928,677.0,Vertex,2023-10-15 04:15:31.079085
21.885,817.0,21.932,4566.0,Vertex,2023-10-15 04:15:31.079085
21.876,816.0,21.958,118.0,Vertex,2023-10-15 04:15:31.079085
21.872,4566.0,21.992,114.0,Vertex,2023-10-15 04:15:31.079085
21.858,2250.0,25.0,5.0,Vertex,2023-10-15 04:15:31.079085
21.85,128.0,26.8,5.0,Vertex,2023-10-15 04:15:31.079085
21.808,113.0,,,Vertex,2023-10-15 04:15:31.079085
21.8,229.0,,,Vertex,2023-10-15 04:15:31.079085
21.6,462.5,,,Vertex,2023-10-15 04:15:31.079085
21.4,700.5,,,Vertex,2023-10-15 04:15:31.079085
20.53,50.0,,,Vertex,2023-10-15 04:15:31.079085
18.9,773.0,,,Vertex,2023-10-15 04:15:31.079085
16.5,606.0,,,Vertex,2023-10-15 04:15:31.079085
21.89,484.0,21.893,256.0,Vertex,2023-10-15 05:12:17.156750
21.889,685.0,21.894,228.0,Vertex,2023-10-15 05:12:17.156750
21.888,1827.0,21.896,1232.0,Vertex,2023-10-15 05:12:17.156750
21.887,547.0,21.897,1826.0,Vertex,2023-10-15 05:12:17.156750
21.883,4112.0,21.902,4109.0,Vertex,2023-10-15 05:12:17.156750
21.876,817.0,21.912,677.0,Vertex,2023-10-15 05:12:17.156750
21.871,136.0,21.919,690.0,Vertex,2023-10-15 05:12:17.156750
21.868,816.0,21.924,2250.0,Vertex,2023-10-15 05:12:17.156750
21.866,4565.0,21.925,4565.0,Vertex,2023-10-15 05:12:17.156750
21.861,2250.0,21.949,118.0,Vertex,2023-10-15 05:12:17.156750
21.841,128.0,21.98,114.0,Vertex,2023-10-15 05:12:17.156750
21.803,113.0,21.981,136.0,Vertex,2023-10-15 05:12:17.156750
21.8,229.0,25.0,5.0,Vertex,2023-10-15 05:12:17.156750
21.6,462.5,26.8,5.0,Vertex,2023-10-15 05:12:17.156750
21.4,700.5,,,Vertex,2023-10-15 05:12:17.156750
20.53,50.0,,,Vertex,2023-10-15 05:12:17.156750
18.9,773.0,,,Vertex,2023-10-15 05:12:17.156750
16.5,606.0,,,Vertex,2023-10-15 05:12:17.156750
21.9,228.0,21.901,256.0,Vertex,2023-10-15 06:17:16.855742
21.898,684.0,21.902,228.0,Vertex,2023-10-15 06:17:16.855742
21.897,2082.0,21.903,684.0,Vertex,2023-10-15 06:17:16.855742
21.893,548.0,21.904,1826.0,Vertex,2023-10-15 06:17:16.855742
21.889,4111.0,21.907,548.0,Vertex,2023-10-15 06:17:16.855742
21.883,954.0,21.911,4107.0,Vertex,2023-10-15 06:17:16.855742
21.875,3066.0,21.919,677.0,Vertex,2023-10-15 06:17:16.855742
21.872,4568.0,21.926,690.0,Vertex,2023-10-15 06:17:16.855742
21.85,128.0,21.931,2250.0,Vertex,2023-10-15 06:17:16.855742
21.812,113.0,21.932,4568.0,Vertex,2023-10-15 06:17:16.855742
21.8,229.0,21.957,118.0,Vertex,2023-10-15 06:17:16.855742
21.6,462.5,21.987,114.0,Vertex,2023-10-15 06:17:16.855742
21.4,700.5,21.99,137.0,Vertex,2023-10-15 06:17:16.855742
20.53,50.0,25.0,5.0,Vertex,2023-10-15 06:17:16.855742
20.3,1000.0,26.8,5.0,Vertex,2023-10-15 06:17:16.855742
18.9,773.0,,,Vertex,2023-10-15 06:17:16.855742
16.5,606.0,,,Vertex,2023-10-15 06:17:16.855742
21.938,227.0,21.939,227.0,Vertex,2023-10-15 07:11:32.566934
21.937,683.0,21.94,683.0,Vertex,2023-10-15 07:11:32.566934
21.936,2079.0,21.941,2079.0,Vertex,2023-10-15 07:11:32.566934
21.93,546.0,21.947,546.0,Vertex,2023-10-15 07:11:32.566934
21.929,4104.0,21.95,4100.0,Vertex,2023-10-15 07:11:32.566934
21.923,817.0,21.959,677.0,Vertex,2023-10-15 07:11:32.566934
21.918,136.0,21.964,2250.0,Vertex,2023-10-15 07:11:32.566934
21.915,4554.0,21.965,690.0,Vertex,2023-10-15 07:11:32.566934
21.914,3066.0,21.971,4554.0,Vertex,2023-10-15 07:11:32.566934
21.888,127.5,21.997,118.0,Vertex,2023-10-15 07:11:32.566934
21.85,113.0,22.027,113.5,Vertex,2023-10-15 07:11:32.566934
21.8,229.0,25.0,5.0,Vertex,2023-10-15 07:11:32.566934
21.6,462.5,26.8,5.0,Vertex,2023-10-15 07:11:32.566934
21.4,700.5,,,Vertex,2023-10-15 07:11:32.566934
20.53,50.0,,,Vertex,2023-10-15 07:11:32.566934
20.3,1000.0,,,Vertex,2023-10-15 07:11:32.566934
18.9,773.0,,,Vertex,2023-10-15 07:11:32.566934
16.5,606.0,,,Vertex,2023-10-15 07:11:32.566934
21.887,228.0,21.888,228.0,Vertex,2023-10-15 08:15:46.271194
21.886,685.0,21.889,685.0,Vertex,2023-10-15 08:15:46.271194
21.885,1827.0,21.89,2084.0,Vertex,2023-10-15 08:15:46.271194
21.884,805.0,21.892,548.0,Vertex,2023-10-15 08:15:46.271194
21.876,4114.0,21.899,4109.0,Vertex,2023-10-15 08:15:46.271194
21.873,817.0,21.909,677.0,Vertex,2023-10-15 08:15:46.271194
21.866,816.0,21.913,2250.0,Vertex,2023-10-15 08:15:46.271194
21.864,2386.0,21.917,690.0,Vertex,2023-10-15 08:15:46.271194
21.86,4560.0,21.923,4560.0,Vertex,2023-10-15 08:15:46.271194
21.837,128.0,21.946,118.0,Vertex,2023-10-15 08:15:46.271194
21.8,229.0,21.976,114.0,Vertex,2023-10-15 08:15:46.271194
21.799,113.0,21.977,137.0,Vertex,2023-10-15 08:15:46.271194
21.6,462.5,25.0,5.0,Vertex,2023-10-15 08:15:46.271194
21.4,700.5,26.8,5.0,Vertex,2023-10-15 08:15:46.271194
20.53,50.0,,,Vertex,2023-10-15 08:15:46.271194
20.3,1000.0,,,Vertex,2023-10-15 08:15:46.271194
18.9,773.0,,,Vertex,2023-10-15 08:15:46.271194
16.5,606.0,,,Vertex,2023-10-15 08:15:46.271194
21.99,255.0,21.994,1204.0,Vertex,2023-10-15 09:12:12.824869
21.989,227.0,21.996,936.0,Vertex,2023-10-15 09:12:12.824869
21.986,1227.0,21.997,1818.0,Vertex,2023-10-15 09:12:12.824869
21.985,1819.0,22.002,545.0,Vertex,2023-10-15 09:12:12.824869
21.983,817.0,22.008,4089.0,Vertex,2023-10-15 09:12:12.824869
21.978,4094.0,22.018,2250.0,Vertex,2023-10-15 09:12:12.824869
21.973,816.0,22.02,677.0,Vertex,2023-10-15 09:12:12.824869
21.968,136.0,22.027,690.0,Vertex,2023-10-15 09:12:12.824869
21.966,4549.0,22.037,4549.0,Vertex,2023-10-15 09:12:12.824869
21.951,2250.0,22.052,117.5,Vertex,2023-10-15 09:12:12.824869
21.94,127.5,22.08,113.5,Vertex,2023-10-15 09:12:12.824869
21.904,113.0,25.0,5.0,Vertex,2023-10-15 09:12:12.824869
21.8,229.0,26.8,5.0,Vertex,2023-10-15 09:12:12.824869
21.6,462.5,,,Vertex,2023-10-15 09:12:12.824869
21.4,700.5,,,Vertex,2023-10-15 09:12:12.824869
20.53,50.0,,,Vertex,2023-10-15 09:12:12.824869
20.3,1000.0,,,Vertex,2023-10-15 09:12:12.824869
18.9,773.0,,,Vertex,2023-10-15 09:12:12.824869
16.5,606.0,,,Vertex,2023-10-15 09:12:12.824869
21.919,228.0,21.921,228.0,Vertex,2023-10-15 10:13:29.863703
21.918,256.0,21.923,684.0,Vertex,2023-10-15 10:13:29.863703
21.917,684.0,21.924,1824.0,Vertex,2023-10-15 10:13:29.863703
21.916,1825.0,21.925,803.0,Vertex,2023-10-15 10:13:29.863703
21.914,547.0,21.931,4103.0,Vertex,2023-10-15 10:13:29.863703
21.911,817.0,21.946,2250.0,Vertex,2023-10-15 10:13:29.863703
21.906,4108.0,21.947,677.0,Vertex,2023-10-15 10:13:29.863703
21.903,816.0,21.954,690.0,Vertex,2023-10-15 10:13:29.863703
21.897,6809.0,21.961,4559.0,Vertex,2023-10-15 10:13:29.863703
21.891,136.0,21.978,118.0,Vertex,2023-10-15 10:13:29.863703
21.868,128.0,22.008,114.0,Vertex,2023-10-15 10:13:29.863703
21.832,113.0,25.0,5.0,Vertex,2023-10-15 10:13:29.863703
21.8,229.0,26.8,5.0,Vertex,2023-10-15 10:13:29.863703
21.6,462.5,,,Vertex,2023-10-15 10:13:29.863703
21.4,700.5,,,Vertex,2023-10-15 10:13:29.863703
20.53,50.0,,,Vertex,2023-10-15 10:13:29.863703
20.3,1000.0,,,Vertex,2023-10-15 10:13:29.863703
18.9,773.0,,,Vertex,2023-10-15 10:13:29.863703
16.5,606.0,,,Vertex,2023-10-15 10:13:29.863703
21.888,256.0,21.895,256.0,Vertex,2023-10-15 11:10:27.395948
21.884,548.0,21.898,548.0,Vertex,2023-10-15 11:10:27.395948
21.882,817.0,21.918,677.0,Vertex,2023-10-15 11:10:27.395948
21.874,816.0,21.925,690.0,Vertex,2023-10-15 11:10:27.395948
21.87,137.0,21.927,4566.0,Vertex,2023-10-15 11:10:27.395948
21.869,2250.0,21.935,2250.0,Vertex,2023-10-15 11:10:27.395948
21.868,4566.0,21.952,118.0,Vertex,2023-10-15 11:10:27.395948
21.838,128.0,21.979,114.0,Vertex,2023-10-15 11:10:27.395948
21.804,113.0,25.0,5.0,Vertex,2023-10-15 11:10:27.395948
21.8,229.0,26.8,5.0,Vertex,2023-10-15 11:10:27.395948
21.6,462.5,,,Vertex,2023-10-15 11:10:27.395948
21.4,700.5,,,Vertex,2023-10-15 11:10:27.395948
20.53,50.0,,,Vertex,2023-10-15 11:10:27.395948
20.3,1000.0,,,Vertex,2023-10-15 11:10:27.395948
18.9,773.0,,,Vertex,2023-10-15 11:10:27.395948
16.5,606.0,,,Vertex,2023-10-15 11:10:27.395948
21.807,916.0,21.808,257.0,Vertex,2023-10-15 12:24:40.241819
21.806,1834.0,21.81,229.0,Vertex,2023-10-15 12:24:40.241819
21.801,257.0,21.812,687.0,Vertex,2023-10-15 12:24:40.241819
21.8,550.0,21.813,1833.0,Vertex,2023-10-15 12:24:40.241819
21.798,817.0,21.815,550.0,Vertex,2023-10-15 12:24:40.241819
21.796,4129.0,21.821,4124.0,Vertex,2023-10-15 12:24:40.241819
21.788,816.0,21.834,677.0,Vertex,2023-10-15 12:24:40.241819
21.787,137.0,21.837,2250.0,Vertex,2023-10-15 12:24:40.241819
21.784,4584.0,21.839,690.0,Vertex,2023-10-15 12:24:40.241819
21.775,2250.0,21.847,4584.0,Vertex,2023-10-15 12:24:40.241819
21.757,128.5,21.865,118.5,Vertex,2023-10-15 12:24:40.241819
21.72,114.0,21.895,114.5,Vertex,2023-10-15 12:24:40.241819
21.7,460.5,21.896,137.0,Vertex,2023-10-15 12:24:40.241819
21.6,462.5,25.0,5.0,Vertex,2023-10-15 12:24:40.241819
21.4,700.5,26.8,5.0,Vertex,2023-10-15 12:24:40.241819
20.53,50.0,,,Vertex,2023-10-15 12:24:40.241819
20.3,1000.0,,,Vertex,2023-10-15 12:24:40.241819
18.9,773.0,,,Vertex,2023-10-15 12:24:40.241819
16.5,606.0,,,Vertex,2023-10-15 12:24:40.241819
21.808,487.0,21.812,229.0,Vertex,2023-10-15 13:14:30.204176
21.806,687.0,21.813,258.0,Vertex,2023-10-15 13:14:30.204176
21.805,1834.0,21.814,687.0,Vertex,2023-10-15 13:14:30.204176
21.804,551.0,21.815,551.0,Vertex,2023-10-15 13:14:30.204176
21.799,4128.0,21.816,1833.0,Vertex,2023-10-15 13:14:30.204176
21.793,816.0,21.826,4123.0,Vertex,2023-10-15 13:14:30.204176
21.789,4591.0,21.835,2250.0,Vertex,2023-10-15 13:14:30.204176
21.787,137.0,21.838,677.0,Vertex,2023-10-15 13:14:30.204176
21.779,2250.0,21.844,690.0,Vertex,2023-10-15 13:14:30.204176
21.759,128.5,21.851,4591.0,Vertex,2023-10-15 13:14:30.204176
21.722,114.0,21.87,118.5,Vertex,2023-10-15 13:14:30.204176
21.7,460.5,21.897,114.5,Vertex,2023-10-15 13:14:30.204176
21.6,462.5,25.0,5.0,Vertex,2023-10-15 13:14:30.204176
21.4,700.5,26.8,5.0,Vertex,2023-10-15 13:14:30.204176
21.12,72.5,,,Vertex,2023-10-15 13:14:30.204176
20.53,50.0,,,Vertex,2023-10-15 13:14:30.204176
20.3,1000.0,,,Vertex,2023-10-15 13:14:30.204176
18.9,773.0,,,Vertex,2023-10-15 13:14:30.204176
16.5,606.0,,,Vertex,2023-10-15 13:14:30.204176
21.808,487.0,21.812,258.0,Vertex,2023-10-15 14:11:23.917081
21.806,687.0,21.814,229.0,Vertex,2023-10-15 14:11:23.917081
21.805,1834.0,21.816,551.0,Vertex,2023-10-15 14:11:23.917081
21.804,551.0,21.817,687.0,Vertex,2023-10-15 14:11:23.917081
21.795,4129.0,21.818,1833.0,Vertex,2023-10-15 14:11:23.917081
21.792,817.0,21.824,4124.0,Vertex,2023-10-15 14:11:23.917081
21.784,5411.0,21.829,677.0,Vertex,2023-10-15 14:11:23.917081
21.78,137.0,21.834,2250.0,Vertex,2023-10-15 14:11:23.917081
21.767,2250.0,21.837,690.0,Vertex,2023-10-15 14:11:23.917081
21.758,128.5,21.844,4594.0,Vertex,2023-10-15 14:11:23.917081
21.722,114.0,21.869,118.5,Vertex,2023-10-15 14:11:23.917081
21.7,460.5,21.898,114.5,Vertex,2023-10-15 14:11:23.917081
21.6,462.5,25.0,5.0,Vertex,2023-10-15 14:11:23.917081
21.4,700.5,26.8,5.0,Vertex,2023-10-15 14:11:23.917081
21.12,72.5,,,Vertex,2023-10-15 14:11:23.917081
20.53,50.0,,,Vertex,2023-10-15 14:11:23.917081
20.3,1000.0,,,Vertex,2023-10-15 14:11:23.917081
18.9,773.0,,,Vertex,2023-10-15 14:11:23.917081
16.5,606.0,,,Vertex,2023-10-15 14:11:23.917081
21.688,489.0,21.689,230.0,Vertex,2023-10-15 15:12:23.682302
21.686,691.0,21.692,950.0,Vertex,2023-10-15 15:12:23.682302
21.685,2397.0,21.693,1843.0,Vertex,2023-10-15 15:12:23.682302
21.675,4152.0,21.698,553.0,Vertex,2023-10-15 15:12:23.682302
21.674,805.0,21.703,4147.0,Vertex,2023-10-15 15:12:23.682302
21.666,808.0,21.709,687.0,Vertex,2023-10-15 15:12:23.682302
21.663,4612.0,21.713,2250.0,Vertex,2023-10-15 15:12:23.682302
21.658,2250.0,21.717,700.0,Vertex,2023-10-15 15:12:23.682302
21.657,138.0,21.719,4612.0,Vertex,2023-10-15 15:12:23.682302
21.638,129.0,21.746,119.5,Vertex,2023-10-15 15:12:23.682302
21.602,114.0,21.776,115.0,Vertex,2023-10-15 15:12:23.682302
21.6,462.5,25.0,5.0,Vertex,2023-10-15 15:12:23.682302
21.4,700.5,26.8,5.0,Vertex,2023-10-15 15:12:23.682302
21.12,72.5,,,Vertex,2023-10-15 15:12:23.682302
20.53,50.0,,,Vertex,2023-10-15 15:12:23.682302
20.3,1000.0,,,Vertex,2023-10-15 15:12:23.682302
18.9,773.0,,,Vertex,2023-10-15 15:12:23.682302
16.5,606.0,,,Vertex,2023-10-15 15:12:23.682302
21.731,230.0,21.734,230.0,Vertex,2023-10-15 16:16:02.147642
21.729,948.0,21.735,2530.0,Vertex,2023-10-15 16:16:02.147642
21.728,1840.0,21.742,552.0,Vertex,2023-10-15 16:16:02.147642
21.727,552.0,21.745,4138.0,Vertex,2023-10-15 16:16:02.147642
21.719,4143.0,21.747,687.0,Vertex,2023-10-15 16:16:02.147642
21.712,805.0,21.754,700.0,Vertex,2023-10-15 16:16:02.147642
21.708,2250.0,21.756,2250.0,Vertex,2023-10-15 16:16:02.147642
21.704,946.0,21.759,4602.0,Vertex,2023-10-15 16:16:02.147642
21.7,4602.0,21.791,119.0,Vertex,2023-10-15 16:16:02.147642
21.68,129.0,21.82,252.5,Vertex,2023-10-15 16:16:02.147642
21.646,114.0,25.0,5.0,Vertex,2023-10-15 16:16:02.147642
21.6,462.5,26.8,5.0,Vertex,2023-10-15 16:16:02.147642
21.5,5.0,,,Vertex,2023-10-15 16:16:02.147642
21.4,700.5,,,Vertex,2023-10-15 16:16:02.147642
21.12,72.5,,,Vertex,2023-10-15 16:16:02.147642
20.53,50.0,,,Vertex,2023-10-15 16:16:02.147642
20.3,1000.0,,,Vertex,2023-10-15 16:16:02.147642
18.9,773.0,,,Vertex,2023-10-15 16:16:02.147642
16.5,606.0,,,Vertex,2023-10-15 16:16:02.147642
21.799,487.0,21.801,229.0,Vertex,2023-10-15 17:11:58.001953
21.797,3073.0,21.802,688.0,Vertex,2023-10-15 17:11:58.001953
21.789,4130.0,21.804,1834.0,Vertex,2023-10-15 17:11:58.001953
21.787,805.0,21.806,258.0,Vertex,2023-10-15 17:11:58.001953
21.785,4590.0,21.808,550.0,Vertex,2023-10-15 17:11:58.001953
21.78,808.0,21.813,4126.0,Vertex,2023-10-15 17:11:58.001953
21.778,2250.0,21.823,687.0,Vertex,2023-10-15 17:11:58.001953
21.776,137.0,21.826,2250.0,Vertex,2023-10-15 17:11:58.001953
21.749,128.5,21.83,700.0,Vertex,2023-10-15 17:11:58.001953
21.713,114.0,21.845,4590.0,Vertex,2023-10-15 17:11:58.001953
21.6,462.5,21.858,118.5,Vertex,2023-10-15 17:11:58.001953
21.5,5.0,21.888,114.5,Vertex,2023-10-15 17:11:58.001953
21.4,700.5,25.0,5.0,Vertex,2023-10-15 17:11:58.001953
21.12,72.5,26.8,5.0,Vertex,2023-10-15 17:11:58.001953
20.53,50.0,,,Vertex,2023-10-15 17:11:58.001953
20.3,1000.0,,,Vertex,2023-10-15 17:11:58.001953
18.9,773.0,,,Vertex,2023-10-15 17:11:58.001953
16.5,606.0,,,Vertex,2023-10-15 17:11:58.001953
21.88,228.0,21.881,228.0,Vertex,2023-10-15 18:16:40.633310
21.879,2770.0,21.882,685.0,Vertex,2023-10-15 18:16:40.633310
21.875,548.0,21.883,1827.0,Vertex,2023-10-15 18:16:40.633310
21.87,4115.0,21.884,257.0,Vertex,2023-10-15 18:16:40.633310
21.862,817.0,21.89,548.0,Vertex,2023-10-15 18:16:40.633310
21.857,137.0,21.892,4111.0,Vertex,2023-10-15 18:16:40.633310
21.854,4569.0,21.898,677.0,Vertex,2023-10-15 18:16:40.633310
21.853,816.0,21.904,690.0,Vertex,2023-10-15 18:16:40.633310
21.839,2250.0,21.906,2250.0,Vertex,2023-10-15 18:16:40.633310
21.83,128.0,21.916,4569.0,Vertex,2023-10-15 18:16:40.633310
21.793,113.0,21.938,118.5,Vertex,2023-10-15 18:16:40.633310
21.6,462.5,21.968,114.0,Vertex,2023-10-15 18:16:40.633310
21.5,5.0,21.97,137.0,Vertex,2023-10-15 18:16:40.633310
21.4,700.5,25.0,5.0,Vertex,2023-10-15 18:16:40.633310
21.12,72.5,26.8,5.0,Vertex,2023-10-15 18:16:40.633310
20.53,50.0,,,Vertex,2023-10-15 18:16:40.633310
20.3,1000.0,,,Vertex,2023-10-15 18:16:40.633310
18.9,773.0,,,Vertex,2023-10-15 18:16:40.633310
16.5,606.0,,,Vertex,2023-10-15 18:16:40.633310
21.966,227.0,21.967,483.0,Vertex,2023-10-15 19:10:18.820203
21.963,682.0,21.968,682.0,Vertex,2023-10-15 19:10:18.820203
21.962,2077.0,21.969,2366.0,Vertex,2023-10-15 19:10:18.820203
21.956,546.0,21.978,4095.0,Vertex,2023-10-15 19:10:18.820203
21.955,4099.0,21.987,2927.0,Vertex,2023-10-15 19:10:18.820203
21.95,817.0,21.991,690.0,Vertex,2023-10-15 19:10:18.820203
21.948,4553.0,22.002,4553.0,Vertex,2023-10-15 19:10:18.820203
21.947,136.0,22.024,118.0,Vertex,2023-10-15 19:10:18.820203
21.94,816.0,22.054,113.5,Vertex,2023-10-15 19:10:18.820203
21.938,2250.0,22.056,136.0,Vertex,2023-10-15 19:10:18.820203
21.916,127.5,25.0,5.0,Vertex,2023-10-15 19:10:18.820203
21.878,113.0,26.8,5.0,Vertex,2023-10-15 19:10:18.820203
21.6,462.5,,,Vertex,2023-10-15 19:10:18.820203
21.5,5.0,,,Vertex,2023-10-15 19:10:18.820203
21.4,700.5,,,Vertex,2023-10-15 19:10:18.820203
21.12,72.5,,,Vertex,2023-10-15 19:10:18.820203
20.53,50.0,,,Vertex,2023-10-15 19:10:18.820203
20.3,1000.0,,,Vertex,2023-10-15 19:10:18.820203
18.9,773.0,,,Vertex,2023-10-15 19:10:18.820203
16.5,606.0,,,Vertex,2023-10-15 19:10:18.820203
21.853,228.0,21.854,228.0,Vertex,2023-10-15 20:13:27.531345
21.851,686.0,21.855,943.0,Vertex,2023-10-15 20:13:27.531345
21.85,1830.0,21.856,1830.0,Vertex,2023-10-15 20:13:27.531345
21.847,257.0,21.857,548.0,Vertex,2023-10-15 20:13:27.531345
21.846,548.0,21.863,4116.0,Vertex,2023-10-15 20:13:27.531345
21.842,4120.0,21.872,677.0,Vertex,2023-10-15 20:13:27.531345
21.836,817.0,21.876,2250.0,Vertex,2023-10-15 20:13:27.531345
21.835,4573.0,21.877,690.0,Vertex,2023-10-15 20:13:27.531345
21.83,137.0,21.896,4573.0,Vertex,2023-10-15 20:13:27.531345
21.827,2250.0,21.91,118.5,Vertex,2023-10-15 20:13:27.531345
21.826,816.0,21.941,114.0,Vertex,2023-10-15 20:13:27.531345
21.802,128.0,21.942,137.0,Vertex,2023-10-15 20:13:27.531345
21.765,113.0,25.0,5.0,Vertex,2023-10-15 20:13:27.531345
21.6,462.5,26.8,5.0,Vertex,2023-10-15 20:13:27.531345
21.5,5.0,,,Vertex,2023-10-15 20:13:27.531345
21.4,700.5,,,Vertex,2023-10-15 20:13:27.531345
21.12,72.5,,,Vertex,2023-10-15 20:13:27.531345
20.53,50.0,,,Vertex,2023-10-15 20:13:27.531345
20.3,1000.0,,,Vertex,2023-10-15 20:13:27.531345
18.9,773.0,,,Vertex,2023-10-15 20:13:27.531345
16.5,606.0,,,Vertex,2023-10-15 20:13:27.531345
21.969,255.0,21.975,255.0,Vertex,2023-10-15 21:11:20.278188
21.966,1227.0,21.983,1227.0,Vertex,2023-10-15 21:11:20.278188
21.964,1821.0,21.984,677.0,Vertex,2023-10-15 21:11:20.278188
21.953,4099.0,21.985,1819.0,Vertex,2023-10-15 21:11:20.278188
21.948,127.5,21.99,677.0,Vertex,2023-10-15 21:11:20.278188
21.947,3203.0,21.998,4091.0,Vertex,2023-10-15 21:11:20.278188
21.938,816.0,22.003,2250.0,Vertex,2023-10-15 21:11:20.278188
21.937,4545.0,22.006,4545.0,Vertex,2023-10-15 21:11:20.278188
21.919,127.5,22.032,118.0,Vertex,2023-10-15 21:11:20.278188
21.884,113.5,22.06,136.0,Vertex,2023-10-15 21:11:20.278188
21.6,462.5,22.066,113.5,Vertex,2023-10-15 21:11:20.278188
21.52,45.5,22.408,45.0,Vertex,2023-10-15 21:11:20.278188
21.5,5.0,25.0,5.0,Vertex,2023-10-15 21:11:20.278188
21.4,700.5,26.8,5.0,Vertex,2023-10-15 21:11:20.278188
21.12,72.5,,,Vertex,2023-10-15 21:11:20.278188
20.53,50.0,,,Vertex,2023-10-15 21:11:20.278188
20.3,1000.0,,,Vertex,2023-10-15 21:11:20.278188
18.9,773.0,,,Vertex,2023-10-15 21:11:20.278188
16.5,606.0,,,Vertex,2023-10-15 21:11:20.278188
22.014,227.0,22.024,743.0,Vertex,2023-10-15 22:12:12.367608
22.012,254.0,22.027,770.0,Vertex,2023-10-15 22:12:12.367608
22.011,543.0,22.031,747.0,Vertex,2023-10-15 22:12:12.367608
22.005,681.0,22.032,680.0,Vertex,2023-10-15 22:12:12.367608
22.001,1818.0,22.033,1815.0,Vertex,2023-10-15 22:12:12.367608
21.992,135.0,22.043,4529.0,Vertex,2023-10-15 22:12:12.367608
21.991,6342.0,22.048,4082.0,Vertex,2023-10-15 22:12:12.367608
21.987,752.0,22.058,2250.0,Vertex,2023-10-15 22:12:12.367608
21.98,759.0,22.081,117.5,Vertex,2023-10-15 22:12:12.367608
21.977,4529.0,22.106,135.0,Vertex,2023-10-15 22:12:12.367608
21.963,127.0,22.107,113.5,Vertex,2023-10-15 22:12:12.367608
21.928,113.5,22.444,45.0,Vertex,2023-10-15 22:12:12.367608
21.6,462.5,25.0,5.0,Vertex,2023-10-15 22:12:12.367608
21.563,45.0,26.8,5.0,Vertex,2023-10-15 22:12:12.367608
21.5,5.0,,,Vertex,2023-10-15 22:12:12.367608
21.4,700.5,,,Vertex,2023-10-15 22:12:12.367608
21.12,72.5,,,Vertex,2023-10-15 22:12:12.367608
20.53,50.0,,,Vertex,2023-10-15 22:12:12.367608
20.3,1000.0,,,Vertex,2023-10-15 22:12:12.367608
18.9,773.0,,,Vertex,2023-10-15 22:12:12.367608
16.5,606.0,,,Vertex,2023-10-15 22:12:12.367608
21.885,228.0,21.889,228.0,Vertex,2023-10-15 23:13:14.260889
21.884,257.0,21.893,685.0,Vertex,2023-10-15 23:13:14.260889
21.882,548.0,21.895,1826.0,Vertex,2023-10-15 23:13:14.260889
21.875,1828.0,21.897,548.0,Vertex,2023-10-15 23:13:14.260889
21.872,137.0,21.9,743.0,Vertex,2023-10-15 23:13:14.260889
21.864,2250.0,21.906,4108.0,Vertex,2023-10-15 23:13:14.260889
21.863,4116.0,21.909,747.0,Vertex,2023-10-15 23:13:14.260889
21.859,752.0,21.922,4571.0,Vertex,2023-10-15 23:13:14.260889
21.851,4571.0,21.93,2250.0,Vertex,2023-10-15 23:13:14.260889
21.85,759.0,21.946,118.0,Vertex,2023-10-15 23:13:14.260889
21.834,128.0,21.98,114.0,Vertex,2023-10-15 23:13:14.260889
21.8,114.0,22.296,45.5,Vertex,2023-10-15 23:13:14.260889
21.6,462.5,25.0,5.0,Vertex,2023-10-15 23:13:14.260889
21.5,5.0,26.8,5.0,Vertex,2023-10-15 23:13:14.260889
21.42,45.5,,,Vertex,2023-10-15 23:13:14.260889
21.4,700.5,,,Vertex,2023-10-15 23:13:14.260889
21.12,72.5,,,Vertex,2023-10-15 23:13:14.260889
20.53,50.0,,,Vertex,2023-10-15 23:13:14.260889
20.3,1000.0,,,Vertex,2023-10-15 23:13:14.260889
18.9,773.0,,,Vertex,2023-10-15 23:13:14.260889
16.5,606.0,,,Vertex,2023-10-15 23:13:14.260889
21.997,227.0,21.998,227.0,Vertex,2023-10-16 01:01:42.022254
21.995,681.0,22.0,681.0,Vertex,2023-10-16 01:01:42.022254
21.994,2073.0,22.001,1818.0,Vertex,2023-10-16 01:01:42.022254
21.992,545.0,22.01,743.0,Vertex,2023-10-16 01:01:42.022254
21.985,4093.0,22.011,4088.0,Vertex,2023-10-16 01:01:42.022254
21.974,752.0,22.012,545.0,Vertex,2023-10-16 01:01:42.022254
21.973,2250.0,22.02,747.0,Vertex,2023-10-16 01:01:42.022254
21.972,136.0,22.023,2250.0,Vertex,2023-10-16 01:01:42.022254
21.968,759.0,22.031,4544.0,Vertex,2023-10-16 01:01:42.022254
21.958,4544.0,22.055,117.5,Vertex,2023-10-16 01:01:42.022254
21.946,127.5,22.086,113.5,Vertex,2023-10-16 01:01:42.022254
21.909,113.5,22.087,136.0,Vertex,2023-10-16 01:01:42.022254
21.6,462.5,22.423,45.0,Vertex,2023-10-16 01:01:42.022254
21.546,45.0,25.0,5.0,Vertex,2023-10-16 01:01:42.022254
21.5,5.0,26.8,5.0,Vertex,2023-10-16 01:01:42.022254
21.4,700.5,,,Vertex,2023-10-16 01:01:42.022254
21.12,72.5,,,Vertex,2023-10-16 01:01:42.022254
20.53,50.0,,,Vertex,2023-10-16 01:01:42.022254
20.3,1000.0,,,Vertex,2023-10-16 01:01:42.022254
18.9,773.0,,,Vertex,2023-10-16 01:01:42.022254
16.5,606.0,,,Vertex,2023-10-16 01:01:42.022254
22.207,793.0,22.208,900.0,Vertex,2023-10-16 02:22:51.064599
22.204,225.0,22.209,1801.0,Vertex,2023-10-16 02:22:51.064599
22.203,675.0,22.211,253.0,Vertex,2023-10-16 02:22:51.064599
22.202,1801.0,22.22,4590.0,Vertex,2023-10-16 02:22:51.064599
22.193,4055.0,22.227,772.0,Vertex,2023-10-16 02:22:51.064599
22.19,723.0,22.235,774.0,Vertex,2023-10-16 02:22:51.064599
22.186,135.0,22.238,2250.0,Vertex,2023-10-16 02:22:51.064599
22.185,731.0,22.246,4504.0,Vertex,2023-10-16 02:22:51.064599
22.183,4504.0,22.265,116.5,Vertex,2023-10-16 02:22:51.064599
22.167,2250.0,22.297,112.5,Vertex,2023-10-16 02:22:51.064599
22.157,126.0,22.649,45.0,Vertex,2023-10-16 02:22:51.064599
22.118,112.5,25.0,5.0,Vertex,2023-10-16 02:22:51.064599
21.754,45.0,26.8,5.0,Vertex,2023-10-16 02:22:51.064599
21.6,462.5,,,Vertex,2023-10-16 02:22:51.064599
21.4,700.5,,,Vertex,2023-10-16 02:22:51.064599
21.12,72.5,,,Vertex,2023-10-16 02:22:51.064599
20.53,50.0,,,Vertex,2023-10-16 02:22:51.064599
20.3,1000.0,,,Vertex,2023-10-16 02:22:51.064599
18.9,773.0,,,Vertex,2023-10-16 02:22:51.064599
16.5,606.0,,,Vertex,2023-10-16 02:22:51.064599
22.043,797.0,22.044,226.0,Vertex,2023-10-16 03:14:35.748648
22.042,226.0,22.045,680.0,Vertex,2023-10-16 03:14:35.748648
22.041,680.0,22.046,1814.0,Vertex,2023-10-16 03:14:35.748648
22.04,1814.0,22.05,254.0,Vertex,2023-10-16 03:14:35.748648
22.031,4085.0,22.056,4080.0,Vertex,2023-10-16 03:14:35.748648
22.026,135.0,22.058,543.0,Vertex,2023-10-16 03:14:35.748648
22.023,723.0,22.059,772.0,Vertex,2023-10-16 03:14:35.748648
22.02,4532.0,22.067,774.0,Vertex,2023-10-16 03:14:35.748648
22.015,731.0,22.071,6782.0,Vertex,2023-10-16 03:14:35.748648
22.004,2250.0,22.101,117.5,Vertex,2023-10-16 03:14:35.748648
21.993,127.0,22.134,113.0,Vertex,2023-10-16 03:14:35.748648
21.956,113.0,22.483,45.0,Vertex,2023-10-16 03:14:35.748648
21.6,507.5,25.0,5.0,Vertex,2023-10-16 03:14:35.748648
21.4,700.5,26.8,5.0,Vertex,2023-10-16 03:14:35.748648
21.12,72.5,,,Vertex,2023-10-16 03:14:35.748648
20.53,50.0,,,Vertex,2023-10-16 03:14:35.748648
20.3,1000.0,,,Vertex,2023-10-16 03:14:35.748648
18.9,773.0,,,Vertex,2023-10-16 03:14:35.748648
16.5,606.0,,,Vertex,2023-10-16 03:14:35.748648
22.121,226.0,22.125,254.0,Vertex,2023-10-16 04:16:36.401067
22.12,254.0,22.131,772.0,Vertex,2023-10-16 04:16:36.401067
22.116,1219.0,22.132,541.0,Vertex,2023-10-16 04:16:36.401067
22.113,1808.0,22.136,677.0,Vertex,2023-10-16 04:16:36.401067
22.105,4206.0,22.138,1806.0,Vertex,2023-10-16 04:16:36.401067
22.097,2250.0,22.139,774.0,Vertex,2023-10-16 04:16:36.401067
22.095,723.0,22.146,2250.0,Vertex,2023-10-16 04:16:36.401067
22.087,731.0,22.147,4516.0,Vertex,2023-10-16 04:16:36.401067
22.081,4516.0,22.148,4063.0,Vertex,2023-10-16 04:16:36.401067
22.071,126.5,22.183,117.0,Vertex,2023-10-16 04:16:36.401067
22.035,112.5,22.211,112.5,Vertex,2023-10-16 04:16:36.401067
21.679,45.0,22.213,135.0,Vertex,2023-10-16 04:16:36.401067
21.6,462.5,22.567,45.0,Vertex,2023-10-16 04:16:36.401067
21.4,700.5,25.0,5.0,Vertex,2023-10-16 04:16:36.401067
21.12,72.5,26.8,5.0,Vertex,2023-10-16 04:16:36.401067
20.53,50.0,,,Vertex,2023-10-16 04:16:36.401067
20.3,1000.0,,,Vertex,2023-10-16 04:16:36.401067
18.9,773.0,,,Vertex,2023-10-16 04:16:36.401067
16.5,606.0,,,Vertex,2023-10-16 04:16:36.401067
22.159,253.0,22.162,225.0,Vertex,2023-10-16 05:13:25.268985
22.158,766.0,22.163,676.0,Vertex,2023-10-16 05:13:25.268985
22.156,677.0,22.164,1804.0,Vertex,2023-10-16 05:13:25.268985
22.155,1805.0,22.165,253.0,Vertex,2023-10-16 05:13:25.268985
22.146,4063.0,22.171,4059.0,Vertex,2023-10-16 05:13:25.268985
22.138,2250.0,22.173,5780.0,Vertex,2023-10-16 05:13:25.268985
22.137,762.0,22.181,739.0,Vertex,2023-10-16 05:13:25.268985
22.135,135.0,22.206,2250.0,Vertex,2023-10-16 05:13:25.268985
22.128,768.0,22.22,117.0,Vertex,2023-10-16 05:13:25.268985
22.11,4508.0,22.25,112.5,Vertex,2023-10-16 05:13:25.268985
22.109,126.5,22.591,45.0,Vertex,2023-10-16 05:13:25.268985
22.071,112.5,25.0,5.0,Vertex,2023-10-16 05:13:25.268985
21.704,45.0,26.8,5.0,Vertex,2023-10-16 05:13:25.268985
21.6,462.5,,,Vertex,2023-10-16 05:13:25.268985
21.4,700.5,,,Vertex,2023-10-16 05:13:25.268985
21.12,72.5,,,Vertex,2023-10-16 05:13:25.268985
20.53,50.0,,,Vertex,2023-10-16 05:13:25.268985
20.3,1000.0,,,Vertex,2023-10-16 05:13:25.268985
18.9,773.0,,,Vertex,2023-10-16 05:13:25.268985
16.5,606.0,,,Vertex,2023-10-16 05:13:25.268985
22.597,247.0,22.604,663.0,Vertex,2023-10-16 06:19:16.568748
22.592,528.0,22.605,2016.0,Vertex,2023-10-16 06:19:16.568748
22.59,1770.0,22.609,528.0,Vertex,2023-10-16 06:19:16.568748
22.577,3986.0,22.614,4701.0,Vertex,2023-10-16 06:19:16.568748
22.573,773.0,22.619,4405.0,Vertex,2023-10-16 06:19:16.568748
22.569,2250.0,22.623,730.0,Vertex,2023-10-16 06:19:16.568748
22.563,776.0,22.626,2250.0,Vertex,2023-10-16 06:19:16.568748
22.556,132.0,22.662,114.5,Vertex,2023-10-16 06:19:16.568748
22.547,124.0,22.682,132.0,Vertex,2023-10-16 06:19:16.568748
22.544,4405.0,22.691,110.5,Vertex,2023-10-16 06:19:16.568748
22.506,110.5,23.049,44.0,Vertex,2023-10-16 06:19:16.568748
22.136,44.0,25.0,5.0,Vertex,2023-10-16 06:19:16.568748
21.12,72.5,26.8,5.0,Vertex,2023-10-16 06:19:16.568748
20.53,50.0,,,Vertex,2023-10-16 06:19:16.568748
20.3,1000.0,,,Vertex,2023-10-16 06:19:16.568748
18.9,773.0,,,Vertex,2023-10-16 06:19:16.568748
16.5,606.0,,,Vertex,2023-10-16 06:19:16.568748
22.528,221.0,22.532,249.0,Vertex,2023-10-16 07:13:18.743548
22.527,249.0,22.534,221.0,Vertex,2023-10-16 07:13:18.743548
22.526,1196.0,22.537,665.0,Vertex,2023-10-16 07:13:18.743548
22.525,1775.0,22.538,1774.0,Vertex,2023-10-16 07:13:18.743548
22.516,3996.0,22.542,531.0,Vertex,2023-10-16 07:13:18.743548
22.508,773.0,22.545,722.0,Vertex,2023-10-16 07:13:18.743548
22.505,2250.0,22.547,3991.0,Vertex,2023-10-16 07:13:18.743548
22.5,776.0,22.552,4432.0,Vertex,2023-10-16 07:13:18.743548
22.487,4564.0,22.553,730.0,Vertex,2023-10-16 07:13:18.743548
22.478,124.5,22.574,2250.0,Vertex,2023-10-16 07:13:18.743548
22.439,110.5,22.588,115.0,Vertex,2023-10-16 07:13:18.743548
22.076,44.0,22.619,132.0,Vertex,2023-10-16 07:13:18.743548
21.12,72.5,22.62,110.5,Vertex,2023-10-16 07:13:18.743548
20.53,50.0,22.978,44.0,Vertex,2023-10-16 07:13:18.743548
20.3,1000.0,25.0,5.0,Vertex,2023-10-16 07:13:18.743548
18.9,773.0,26.8,5.0,Vertex,2023-10-16 07:13:18.743548
16.5,606.0,,,Vertex,2023-10-16 07:13:18.743548
22.825,246.0,22.826,219.0,Vertex,2023-10-16 08:18:33.535622
22.824,219.0,22.828,657.0,Vertex,2023-10-16 08:18:33.535622
22.823,525.0,22.829,246.0,Vertex,2023-10-16 08:18:33.535622
22.822,657.0,22.83,1752.0,Vertex,2023-10-16 08:18:33.535622
22.82,1752.0,22.835,1216.0,Vertex,2023-10-16 08:18:33.535622
22.813,3945.0,22.84,3940.0,Vertex,2023-10-16 08:18:33.535622
22.798,804.0,22.845,5080.0,Vertex,2023-10-16 08:18:33.535622
22.789,802.0,22.851,2250.0,Vertex,2023-10-16 08:18:33.535622
22.787,131.0,22.883,113.5,Vertex,2023-10-16 08:18:33.535622
22.781,6627.0,22.918,131.0,Vertex,2023-10-16 08:18:33.535622
22.776,122.5,22.919,109.5,Vertex,2023-10-16 08:18:33.535622
22.735,109.5,23.267,43.5,Vertex,2023-10-16 08:18:33.535622
22.34,43.5,25.0,5.0,Vertex,2023-10-16 08:18:33.535622
21.12,72.5,26.8,5.0,Vertex,2023-10-16 08:18:33.535622
20.53,50.0,,,Vertex,2023-10-16 08:18:33.535622
20.3,1000.0,,,Vertex,2023-10-16 08:18:33.535622
18.9,773.0,,,Vertex,2023-10-16 08:18:33.535622
16.5,606.0,,,Vertex,2023-10-16 08:18:33.535622
22.696,220.0,22.698,247.0,Vertex,2023-10-16 09:15:01.275286
22.694,660.0,22.699,220.0,Vertex,2023-10-16 09:15:01.275286
22.692,2009.0,22.702,1188.0,Vertex,2023-10-16 09:15:01.275286
22.691,528.0,22.704,1761.0,Vertex,2023-10-16 09:15:01.275286
22.683,3967.0,22.708,691.0,Vertex,2023-10-16 09:15:01.275286
22.671,804.0,22.709,4405.0,Vertex,2023-10-16 09:15:01.275286
22.663,802.0,22.713,3962.0,Vertex,2023-10-16 09:15:01.275286
22.654,4405.0,22.716,703.0,Vertex,2023-10-16 09:15:01.275286
22.653,132.0,22.72,2250.0,Vertex,2023-10-16 09:15:01.275286
22.651,2250.0,22.755,114.0,Vertex,2023-10-16 09:15:01.275286
22.646,123.5,22.786,132.0,Vertex,2023-10-16 09:15:01.275286
22.605,110.0,22.789,110.0,Vertex,2023-10-16 09:15:01.275286
22.244,44.0,23.153,44.0,Vertex,2023-10-16 09:15:01.275286
21.12,72.5,25.0,5.0,Vertex,2023-10-16 09:15:01.275286
20.53,50.0,26.8,5.0,Vertex,2023-10-16 09:15:01.275286
20.3,1000.0,,,Vertex,2023-10-16 09:15:01.275286
18.9,773.0,,,Vertex,2023-10-16 09:15:01.275286
16.5,606.0,,,Vertex,2023-10-16 09:15:01.275286
22.909,245.0,22.914,218.0,Vertex,2023-10-16 10:15:33.145097
22.908,218.0,22.915,899.0,Vertex,2023-10-16 10:15:33.145097
22.906,654.0,22.916,1745.0,Vertex,2023-10-16 10:15:33.145097
22.905,1746.0,22.919,523.0,Vertex,2023-10-16 10:15:33.145097
22.902,523.0,22.921,5034.0,Vertex,2023-10-16 10:15:33.145097
22.894,3931.0,22.925,3925.0,Vertex,2023-10-16 10:15:33.145097
22.883,821.0,22.928,672.0,Vertex,2023-10-16 10:15:33.145097
22.875,824.0,22.937,2250.0,Vertex,2023-10-16 10:15:33.145097
22.872,130.0,22.972,113.0,Vertex,2023-10-16 10:15:33.145097
22.868,2250.0,23.003,130.0,Vertex,2023-10-16 10:15:33.145097
22.864,4362.0,23.004,109.0,Vertex,2023-10-16 10:15:33.145097
22.859,122.0,23.37,43.5,Vertex,2023-10-16 10:15:33.145097
22.82,109.0,25.0,5.0,Vertex,2023-10-16 10:15:33.145097
22.451,43.5,26.8,5.0,Vertex,2023-10-16 10:15:33.145097
21.12,72.5,,,Vertex,2023-10-16 10:15:33.145097
20.53,50.0,,,Vertex,2023-10-16 10:15:33.145097
20.3,1000.0,,,Vertex,2023-10-16 10:15:33.145097
18.9,773.0,,,Vertex,2023-10-16 10:15:33.145097
16.5,606.0,,,Vertex,2023-10-16 10:15:33.145097
22.997,217.0,22.998,217.0,Vertex,2023-10-16 11:12:11.027688
22.996,244.0,23.0,652.0,Vertex,2023-10-16 11:12:11.027688
22.995,652.0,23.001,1983.0,Vertex,2023-10-16 11:12:11.027688
22.994,1739.0,23.006,522.0,Vertex,2023-10-16 11:12:11.027688
22.992,522.0,23.007,668.0,Vertex,2023-10-16 11:12:11.027688
22.986,3915.0,23.008,4350.0,Vertex,2023-10-16 11:12:11.027688
22.969,826.0,23.009,3911.0,Vertex,2023-10-16 11:12:11.027688
22.96,824.0,23.014,682.0,Vertex,2023-10-16 11:12:11.027688
22.955,4350.0,23.024,2250.0,Vertex,2023-10-16 11:12:11.027688
22.954,2250.0,23.055,112.5,Vertex,2023-10-16 11:12:11.027688
22.953,130.0,23.084,130.0,Vertex,2023-10-16 11:12:11.027688
22.947,122.0,23.09,108.5,Vertex,2023-10-16 11:12:11.027688
22.906,108.5,23.442,43.5,Vertex,2023-10-16 11:12:11.027688
22.521,43.5,25.0,5.0,Vertex,2023-10-16 11:12:11.027688
21.12,72.5,26.8,5.0,Vertex,2023-10-16 11:12:11.027688
20.53,50.0,,,Vertex,2023-10-16 11:12:11.027688
20.3,1000.0,,,Vertex,2023-10-16 11:12:11.027688
18.9,773.0,,,Vertex,2023-10-16 11:12:11.027688
16.5,606.0,,,Vertex,2023-10-16 11:12:11.027688
23.112,216.0,23.117,459.0,Vertex,2023-10-16 12:28:06.628680
23.111,892.0,23.118,519.0,Vertex,2023-10-16 12:28:06.628680
23.11,2249.0,23.12,2378.0,Vertex,2023-10-16 12:28:06.628680
23.1,3896.0,23.125,668.0,Vertex,2023-10-16 12:28:06.628680
23.09,2250.0,23.13,3891.0,Vertex,2023-10-16 12:28:06.628680
23.084,826.0,23.133,682.0,Vertex,2023-10-16 12:28:06.628680
23.075,824.0,23.138,4325.0,Vertex,2023-10-16 12:28:06.628680
23.072,129.0,23.141,2250.0,Vertex,2023-10-16 12:28:06.628680
23.071,4325.0,23.175,112.0,Vertex,2023-10-16 12:28:06.628680
23.062,121.0,23.197,129.0,Vertex,2023-10-16 12:28:06.628680
23.023,108.0,23.213,108.0,Vertex,2023-10-16 12:28:06.628680
22.637,43.0,23.564,43.0,Vertex,2023-10-16 12:28:06.628680
21.12,72.5,25.0,5.0,Vertex,2023-10-16 12:28:06.628680
20.53,50.0,26.8,5.0,Vertex,2023-10-16 12:28:06.628680
20.3,1000.0,,,Vertex,2023-10-16 12:28:06.628680
18.9,773.0,,,Vertex,2023-10-16 12:28:06.628680
16.5,606.0,,,Vertex,2023-10-16 12:28:06.628680
23.324,454.0,23.329,214.0,Vertex,2023-10-16 13:18:29.679459
23.321,2358.0,23.33,908.0,Vertex,2023-10-16 13:18:29.679459
23.319,513.0,23.332,642.0,Vertex,2023-10-16 13:18:29.679459
23.314,3860.0,23.333,1714.0,Vertex,2023-10-16 13:18:29.679459
23.301,2250.0,23.335,1195.0,Vertex,2023-10-16 13:18:29.679459
23.292,826.0,23.344,3855.0,Vertex,2023-10-16 13:18:29.679459
23.281,824.0,23.348,4276.0,Vertex,2023-10-16 13:18:29.679459
23.278,128.0,23.354,2250.0,Vertex,2023-10-16 13:18:29.679459
23.274,120.0,23.387,111.0,Vertex,2023-10-16 13:18:29.679459
23.272,4276.0,23.415,128.0,Vertex,2023-10-16 13:18:29.679459
23.233,107.0,23.42,107.0,Vertex,2023-10-16 13:18:29.679459
22.845,42.5,23.774,42.5,Vertex,2023-10-16 13:18:29.679459
21.12,72.5,25.0,5.0,Vertex,2023-10-16 13:18:29.679459
20.53,50.0,26.8,5.0,Vertex,2023-10-16 13:18:29.679459
20.3,1000.0,,,Vertex,2023-10-16 13:18:29.679459
18.9,773.0,,,Vertex,2023-10-16 13:18:29.679459
16.5,606.0,,,Vertex,2023-10-16 13:18:29.679459
