bid_price,bid_size,ask_price,ask_size,protocol_name,timestamp
1546.4,1.3,1546.5,328.18,Vertex,2023-10-14 12:24:02.519102
1546.2,40.07,1546.6,129.31,Vertex,2023-10-14 12:24:02.519102
1546.1,59.47,1546.8,1.3,Vertex,2023-10-14 12:24:02.519102
1546.0,64.68,1546.9,229.48,Vertex,2023-10-14 12:24:02.519102
1545.9,123.59,1547.0,1.6,Vertex,2023-10-14 12:24:02.519102
1545.8,133.37,1547.1,1.3,Vertex,2023-10-14 12:24:02.519102
1545.7,74.96,1547.3,2.3,Vertex,2023-10-14 12:24:02.519102
1545.6,6.4,1547.5,2.7,Vertex,2023-10-14 12:24:02.519102
1545.5,226.44,1547.6,5.3,Vertex,2023-10-14 12:24:02.519102
1545.3,6.4,1547.7,3.55,Vertex,2023-10-14 12:24:02.519102
1545.1,4.1,1547.8,129.98,Vertex,2023-10-14 12:24:02.519102
1545.0,10.0,1547.9,3.5,Vertex,2023-10-14 12:24:02.519102
1544.9,3.55,1548.1,0.2,Vertex,2023-10-14 12:24:02.519102
1544.8,11.84,1548.3,0.2,Vertex,2023-10-14 12:24:02.519102
1544.3,12.93,1548.6,2.3,Vertex,2023-10-14 12:24:02.519102
1544.1,13.23,1548.7,4.75,Vertex,2023-10-14 12:24:02.519102
1544.0,3.5,1549.0,1.2,Vertex,2023-10-14 12:24:02.519102
1543.9,9.69,1549.8,10.0,Vertex,2023-10-14 12:24:02.519102
1543.1,10.0,1550.8,10.0,Vertex,2023-10-14 12:24:02.519102
1542.1,10.0,1551.8,10.0,Vertex,2023-10-14 12:24:02.519102
1540.2,2.0,1552.8,10.0,Vertex,2023-10-14 12:24:02.519102
1540.0,0.54,1569.0,20.0,Vertex,2023-10-14 12:24:02.519102
1537.0,15.0,1579.0,20.0,Vertex,2023-10-14 12:24:02.519102
1515.0,6.6,1589.0,20.0,Vertex,2023-10-14 12:24:02.519102
1514.0,0.53,1590.0,7.0,Vertex,2023-10-14 12:24:02.519102
1549.7,94.95,1549.8,125.41,Vertex,2023-10-14 13:14:24.984742
1549.6,64.53,1549.9,120.4,Vertex,2023-10-14 13:14:24.984742
1549.5,54.18,1550.0,130.73,Vertex,2023-10-14 13:14:24.984742
1549.4,139.22,1550.1,0.4,Vertex,2023-10-14 13:14:24.984742
1549.3,2.7,1550.2,5.72,Vertex,2023-10-14 13:14:24.984742
1549.2,1.0,1550.3,2.5,Vertex,2023-10-14 13:14:24.984742
1549.1,2.1,1550.4,0.5,Vertex,2023-10-14 13:14:24.984742
1549.0,226.73,1550.5,228.14,Vertex,2023-10-14 13:14:24.984742
1548.9,119.1,1550.6,1.2,Vertex,2023-10-14 13:14:24.984742
1548.8,4.6,1550.7,6.4,Vertex,2023-10-14 13:14:24.984742
1548.7,1.8,1550.8,11.5,Vertex,2023-10-14 13:14:24.984742
1548.6,3.7,1550.9,6.7,Vertex,2023-10-14 13:14:24.984742
1548.5,6.6,1551.0,8.84,Vertex,2023-10-14 13:14:24.984742
1548.3,15.38,1551.1,131.27,Vertex,2023-10-14 13:14:24.984742
1547.7,3.42,1551.2,0.4,Vertex,2023-10-14 13:14:24.984742
1547.6,9.87,1551.4,0.4,Vertex,2023-10-14 13:14:24.984742
1547.4,3.8,1551.5,0.5,Vertex,2023-10-14 13:14:24.984742
1547.3,12.9,1551.7,0.6,Vertex,2023-10-14 13:14:24.984742
1547.1,0.3,1551.8,10.8,Vertex,2023-10-14 13:14:24.984742
1544.1,10.0,1552.1,4.24,Vertex,2023-10-14 13:14:24.984742
1543.1,10.0,1552.2,2.0,Vertex,2023-10-14 13:14:24.984742
1542.1,10.0,1552.8,10.0,Vertex,2023-10-14 13:14:24.984742
1540.2,2.0,1569.0,20.0,Vertex,2023-10-14 13:14:24.984742
1540.0,0.54,1579.0,20.0,Vertex,2023-10-14 13:14:24.984742
1537.0,15.0,1589.0,20.0,Vertex,2023-10-14 13:14:24.984742
1551.4,1.8,1551.5,157.55,Vertex,2023-10-14 14:11:05.348940
1551.3,0.1,1551.6,183.1,Vertex,2023-10-14 14:11:05.348940
1551.2,102.12,1551.8,1.5,Vertex,2023-10-14 14:11:05.348940
1551.1,45.21,1551.9,226.53,Vertex,2023-10-14 14:11:05.348940
1551.0,32.22,1552.0,5.22,Vertex,2023-10-14 14:11:05.348940
1550.9,10.26,1552.1,5.4,Vertex,2023-10-14 14:11:05.348940
1550.8,131.06,1552.2,6.5,Vertex,2023-10-14 14:11:05.348940
1550.7,117.11,1552.3,2.9,Vertex,2023-10-14 14:11:05.348940
1550.6,1.8,1552.4,1.8,Vertex,2023-10-14 14:11:05.348940
1550.5,2.2,1552.5,5.5,Vertex,2023-10-14 14:11:05.348940
1550.4,229.02,1552.6,4.9,Vertex,2023-10-14 14:11:05.348940
1550.3,5.2,1552.7,8.94,Vertex,2023-10-14 14:11:05.348940
1550.2,3.0,1552.8,26.66,Vertex,2023-10-14 14:11:05.348940
1550.1,6.24,1552.9,5.2,Vertex,2023-10-14 14:11:05.348940
1550.0,17.64,1553.0,120.31,Vertex,2023-10-14 14:11:05.348940
1549.8,1.0,1553.1,3.8,Vertex,2023-10-14 14:11:05.348940
1549.4,3.22,1553.4,1.4,Vertex,2023-10-14 14:11:05.348940
1549.3,9.66,1553.7,2.0,Vertex,2023-10-14 14:11:05.348940
1549.0,16.38,1553.8,4.23,Vertex,2023-10-14 14:11:05.348940
1544.1,10.0,1554.8,10.0,Vertex,2023-10-14 14:11:05.348940
1543.1,10.0,1558.0,2.0,Vertex,2023-10-14 14:11:05.348940
1542.1,10.0,1558.4,10.0,Vertex,2023-10-14 14:11:05.348940
1540.2,2.0,1569.0,20.0,Vertex,2023-10-14 14:11:05.348940
1540.0,0.54,1579.0,20.0,Vertex,2023-10-14 14:11:05.348940
1537.0,15.0,1589.0,20.0,Vertex,2023-10-14 14:11:05.348940
1550.3,156.61,1550.4,27.99,Vertex,2023-10-14 15:12:20.476258
1550.2,129.1,1550.5,27.99,Vertex,2023-10-14 15:12:20.476258
1550.1,225.78,1550.6,13.09,Vertex,2023-10-14 15:12:20.476258
1550.0,54.18,1550.7,34.74,Vertex,2023-10-14 15:12:20.476258
1549.9,0.5,1550.8,34.44,Vertex,2023-10-14 15:12:20.476258
1549.8,1.6,1550.9,39.0,Vertex,2023-10-14 15:12:20.476258
1549.7,116.12,1551.0,134.25,Vertex,2023-10-14 15:12:20.476258
1549.6,12.64,1551.1,2.5,Vertex,2023-10-14 15:12:20.476258
1549.5,5.84,1551.3,3.0,Vertex,2023-10-14 15:12:20.476258
1549.4,0.2,1551.4,225.61,Vertex,2023-10-14 15:12:20.476258
1549.3,2.8,1551.6,116.12,Vertex,2023-10-14 15:12:20.476258
1549.2,4.82,1551.7,13.2,Vertex,2023-10-14 15:12:20.476258
1549.1,3.1,1552.5,4.24,Vertex,2023-10-14 15:12:20.476258
1549.0,0.4,1552.8,10.0,Vertex,2023-10-14 15:12:20.476258
1548.9,11.16,1553.2,2.0,Vertex,2023-10-14 15:12:20.476258
1548.8,1.4,1554.8,10.0,Vertex,2023-10-14 15:12:20.476258
1548.6,0.3,1558.0,2.0,Vertex,2023-10-14 15:12:20.476258
1548.5,0.4,1558.4,10.0,Vertex,2023-10-14 15:12:20.476258
1548.4,0.7,1567.0,0.2,Vertex,2023-10-14 15:12:20.476258
1548.2,12.9,1569.0,20.0,Vertex,2023-10-14 15:12:20.476258
1548.1,2.4,1579.0,20.0,Vertex,2023-10-14 15:12:20.476258
1547.9,5.09,1589.0,20.0,Vertex,2023-10-14 15:12:20.476258
1547.8,1.2,1590.0,7.0,Vertex,2023-10-14 15:12:20.476258
1547.6,0.4,1592.0,1.0,Vertex,2023-10-14 15:12:20.476258
1547.5,0.5,1599.0,20.0,Vertex,2023-10-14 15:12:20.476258
1556.5,201.25,1556.6,0.6,Vertex,2023-10-14 16:15:50.591449
1556.4,128.49,1556.7,28.14,Vertex,2023-10-14 16:15:50.591449
1556.3,53.96,1556.8,12.83,Vertex,2023-10-14 16:15:50.591449
1556.2,1.8,1556.9,59.08,Vertex,2023-10-14 16:15:50.591449
1556.0,227.11,1557.0,116.41,Vertex,2023-10-14 16:15:50.591449
1555.8,2.56,1557.1,5.41,Vertex,2023-10-14 16:15:50.591449
1555.7,118.73,1557.2,131.13,Vertex,2023-10-14 16:15:50.591449
1555.6,11.94,1557.3,0.3,Vertex,2023-10-14 16:15:50.591449
1555.5,3.6,1557.4,4.9,Vertex,2023-10-14 16:15:50.591449
1555.4,4.5,1557.5,2.5,Vertex,2023-10-14 16:15:50.591449
1555.3,8.43,1557.6,228.41,Vertex,2023-10-14 16:15:50.591449
1555.2,2.1,1557.7,4.5,Vertex,2023-10-14 16:15:50.591449
1555.1,3.2,1557.9,134.2,Vertex,2023-10-14 16:15:50.591449
1555.0,3.21,1558.0,4.2,Vertex,2023-10-14 16:15:50.591449
1554.9,5.8,1558.3,0.9,Vertex,2023-10-14 16:15:50.591449
1554.8,10.83,1558.7,4.22,Vertex,2023-10-14 16:15:50.591449
1554.7,4.5,1558.8,2.0,Vertex,2023-10-14 16:15:50.591449
1554.5,5.4,1559.4,2.0,Vertex,2023-10-14 16:15:50.591449
1554.4,19.24,1567.0,0.2,Vertex,2023-10-14 16:15:50.591449
1554.1,3.48,1569.0,20.0,Vertex,2023-10-14 16:15:50.591449
1552.9,4.6,1579.0,20.0,Vertex,2023-10-14 16:15:50.591449
1552.3,2.2,1589.0,20.0,Vertex,2023-10-14 16:15:50.591449
1551.5,5.5,1590.0,7.0,Vertex,2023-10-14 16:15:50.591449
1544.1,10.0,1592.0,1.0,Vertex,2023-10-14 16:15:50.591449
1543.1,10.0,1599.0,20.0,Vertex,2023-10-14 16:15:50.591449
1555.7,2.2,1555.8,342.23,Vertex,2023-10-14 17:10:53.754753
1555.6,0.3,1555.9,224.96,Vertex,2023-10-14 17:10:53.754753
1555.5,54.38,1556.1,3.4,Vertex,2023-10-14 17:10:53.754753
1555.4,54.0,1556.2,5.0,Vertex,2023-10-14 17:10:53.754753
1555.3,6.0,1556.3,3.41,Vertex,2023-10-14 17:10:53.754753
1555.2,48.78,1556.4,4.9,Vertex,2023-10-14 17:10:53.754753
1555.1,190.24,1556.5,5.8,Vertex,2023-10-14 17:10:53.754753
1555.0,6.2,1556.7,1.5,Vertex,2023-10-14 17:10:53.754753
1554.9,131.32,1556.8,1.5,Vertex,2023-10-14 17:10:53.754753
1554.8,5.6,1556.9,4.33,Vertex,2023-10-14 17:10:53.754753
1554.7,7.3,1557.0,116.19,Vertex,2023-10-14 17:10:53.754753
1554.6,1.9,1557.1,11.03,Vertex,2023-10-14 17:10:53.754753
1554.5,228.63,1557.2,0.1,Vertex,2023-10-14 17:10:53.754753
1554.4,1.5,1557.3,1.4,Vertex,2023-10-14 17:10:53.754753
1554.3,1.5,1557.5,0.8,Vertex,2023-10-14 17:10:53.754753
1554.1,11.84,1557.6,0.8,Vertex,2023-10-14 17:10:53.754753
1553.9,0.2,1558.0,2.0,Vertex,2023-10-14 17:10:53.754753
1553.8,0.7,1558.1,4.22,Vertex,2023-10-14 17:10:53.754753
1553.7,5.33,1567.0,0.2,Vertex,2023-10-14 17:10:53.754753
1553.5,3.21,1569.0,20.0,Vertex,2023-10-14 17:10:53.754753
1553.4,13.12,1579.0,20.0,Vertex,2023-10-14 17:10:53.754753
1553.3,12.85,1589.0,20.0,Vertex,2023-10-14 17:10:53.754753
1553.0,4.7,1590.0,7.0,Vertex,2023-10-14 17:10:53.754753
1552.8,0.5,1592.0,1.0,Vertex,2023-10-14 17:10:53.754753
1552.7,0.7,1599.0,20.0,Vertex,2023-10-14 17:10:53.754753
1553.8,99.47,1553.9,109.37,Vertex,2023-10-14 18:16:23.419790
1553.7,86.17,1554.0,108.04,Vertex,2023-10-14 18:16:23.419790
1553.5,64.35,1554.1,128.68,Vertex,2023-10-14 18:16:23.419790
1553.4,0.2,1554.2,2.1,Vertex,2023-10-14 18:16:23.419790
1553.3,115.8,1554.3,5.8100000000000005,Vertex,2023-10-14 18:16:23.419790
1553.2,8.66,1554.4,2.6,Vertex,2023-10-14 18:16:23.419790
1553.1,226.64,1554.5,225.65,Vertex,2023-10-14 18:16:23.419790
1552.9,1.5,1554.6,3.7,Vertex,2023-10-14 18:16:23.419790
1552.8,0.2,1554.8,4.5,Vertex,2023-10-14 18:16:23.419790
1552.7,0.9,1554.9,5.3,Vertex,2023-10-14 18:16:23.419790
1552.6,4.93,1555.0,5.3,Vertex,2023-10-14 18:16:23.419790
1552.5,1.6,1555.1,4.8,Vertex,2023-10-14 18:16:23.419790
1552.3,2.0,1555.2,12.65,Vertex,2023-10-14 18:16:23.419790
1552.2,11.84,1555.3,3.53,Vertex,2023-10-14 18:16:23.419790
1551.9,12.86,1555.4,5.3,Vertex,2023-10-14 18:16:23.419790
1551.8,3.21,1555.5,0.8,Vertex,2023-10-14 18:16:23.419790
1551.7,0.6,1555.6,0.8,Vertex,2023-10-14 18:16:23.419790
1551.6,9.65,1555.7,2.6,Vertex,2023-10-14 18:16:23.419790
1551.5,3.49,1555.8,115.78,Vertex,2023-10-14 18:16:23.419790
1544.1,10.0,1556.0,4.4,Vertex,2023-10-14 18:16:23.419790
1543.1,10.0,1556.1,1.9,Vertex,2023-10-14 18:16:23.419790
1542.1,10.0,1556.2,4.53,Vertex,2023-10-14 18:16:23.419790
1541.1,10.0,1556.3,4.3,Vertex,2023-10-14 18:16:23.419790
1540.0,0.54,1556.4,0.5,Vertex,2023-10-14 18:16:23.419790
1537.0,15.0,1556.5,2.5,Vertex,2023-10-14 18:16:23.419790
1554.3,157.32,1554.4,99.94,Vertex,2023-10-14 19:10:12.634309
1554.2,62.0,1554.5,112.32,Vertex,2023-10-14 19:10:12.634309
1554.1,128.68,1554.6,0.3,Vertex,2023-10-14 19:10:12.634309
1554.0,1.8,1554.7,130.13,Vertex,2023-10-14 19:10:12.634309
1553.8,2.1,1554.8,5.7,Vertex,2023-10-14 19:10:12.634309
1553.7,227.25,1554.9,5.61,Vertex,2023-10-14 19:10:12.634309
1553.6,0.5,1555.1,236.36,Vertex,2023-10-14 19:10:12.634309
1553.5,4.5,1555.2,1.6,Vertex,2023-10-14 19:10:12.634309
1553.4,4.7,1555.3,2.9,Vertex,2023-10-14 19:10:12.634309
1553.3,4.83,1555.4,6.6,Vertex,2023-10-14 19:10:12.634309
1553.2,122.1,1555.5,123.93,Vertex,2023-10-14 19:10:12.634309
1553.1,7.1,1555.6,5.3,Vertex,2023-10-14 19:10:12.634309
1553.0,12.74,1555.7,13.84,Vertex,2023-10-14 19:10:12.634309
1552.9,7.5,1555.8,3.4,Vertex,2023-10-14 19:10:12.634309
1552.8,4.6,1556.5,4.23,Vertex,2023-10-14 19:10:12.634309
1552.7,3.7,1557.0,2.0,Vertex,2023-10-14 19:10:12.634309
1552.6,3.8,1567.0,0.2,Vertex,2023-10-14 19:10:12.634309
1552.5,7.61,1569.0,20.0,Vertex,2023-10-14 19:10:12.634309
1552.4,0.2,1579.0,20.0,Vertex,2023-10-14 19:10:12.634309
1552.3,9.64,1589.0,20.0,Vertex,2023-10-14 19:10:12.634309
1552.2,12.86,1590.0,7.0,Vertex,2023-10-14 19:10:12.634309
1551.8,3.49,1592.0,1.0,Vertex,2023-10-14 19:10:12.634309
1544.1,10.0,1599.0,20.0,Vertex,2023-10-14 19:10:12.634309
1543.1,10.0,1608.0,1.79,Vertex,2023-10-14 19:10:12.634309
1542.1,10.0,1609.0,20.0,Vertex,2023-10-14 19:10:12.634309
1555.0,189.43,1555.1,2.2,Vertex,2023-10-14 20:12:58.962724
1554.9,128.61,1555.2,12.85,Vertex,2023-10-14 20:12:58.962724
1554.8,61.96,1555.3,154.43,Vertex,2023-10-14 20:12:58.962724
1554.6,116.25,1555.5,51.0,Vertex,2023-10-14 20:12:58.962724
1554.5,225.12,1555.6,131.76,Vertex,2023-10-14 20:12:58.962724
1554.4,1.4,1555.7,6.31,Vertex,2023-10-14 20:12:58.962724
1554.3,0.8,1555.8,4.2,Vertex,2023-10-14 20:12:58.962724
1554.1,0.9,1555.9,6.2,Vertex,2023-10-14 20:12:58.962724
1554.0,11.94,1556.0,233.83,Vertex,2023-10-14 20:12:58.962724
1553.9,1.0,1556.1,10.1,Vertex,2023-10-14 20:12:58.962724
1553.8,1.9,1556.2,6.6,Vertex,2023-10-14 20:12:58.962724
1553.7,3.73,1556.3,4.9,Vertex,2023-10-14 20:12:58.962724
1553.6,1.4,1556.4,143.92,Vertex,2023-10-14 20:12:58.962724
1553.5,0.4,1557.3,4.22,Vertex,2023-10-14 20:12:58.962724
1553.4,4.31,1557.7,2.0,Vertex,2023-10-14 20:12:58.962724
1553.3,10.34,1567.0,0.2,Vertex,2023-10-14 20:12:58.962724
1552.9,12.86,1569.0,20.0,Vertex,2023-10-14 20:12:58.962724
1552.6,3.48,1579.0,20.0,Vertex,2023-10-14 20:12:58.962724
1551.0,0.2,1589.0,20.0,Vertex,2023-10-14 20:12:58.962724
1544.1,10.0,1590.0,7.0,Vertex,2023-10-14 20:12:58.962724
1543.1,10.0,1592.0,1.0,Vertex,2023-10-14 20:12:58.962724
1542.1,10.0,1599.0,20.0,Vertex,2023-10-14 20:12:58.962724
1541.1,10.0,1608.0,1.79,Vertex,2023-10-14 20:12:58.962724
1540.0,0.54,1609.0,20.0,Vertex,2023-10-14 20:12:58.962724
1537.0,15.0,1619.0,20.0,Vertex,2023-10-14 20:12:58.962724
1558.5,62.0,1558.6,160.74,Vertex,2023-10-14 21:10:57.520428
1558.3,74.63,1558.7,64.15,Vertex,2023-10-14 21:10:57.520428
1558.1,32.09,1559.0,3.2,Vertex,2023-10-14 21:10:57.520428
1557.9,179.59,1559.1,128.28,Vertex,2023-10-14 21:10:57.520428
1557.5,128.4,1559.5,3.52,Vertex,2023-10-14 21:10:57.520428
1557.1,236.59,1559.7,339.81,Vertex,2023-10-14 21:10:57.520428
1557.0,3.52,1559.9,9.62,Vertex,2023-10-14 21:10:57.520428
1556.9,14.02,1560.3,0.1,Vertex,2023-10-14 21:10:57.520428
1556.8,3.2,1560.8,4.21,Vertex,2023-10-14 21:10:57.520428
1556.7,9.62,1561.2,2.0,Vertex,2023-10-14 21:10:57.520428
1556.6,1.7,1567.0,0.2,Vertex,2023-10-14 21:10:57.520428
1556.0,3.48,1569.0,20.0,Vertex,2023-10-14 21:10:57.520428
1554.7,2.8,1579.0,20.0,Vertex,2023-10-14 21:10:57.520428
1554.4,1.1,1589.0,20.0,Vertex,2023-10-14 21:10:57.520428
1554.2,0.4,1590.0,7.0,Vertex,2023-10-14 21:10:57.520428
1554.1,0.7,1592.0,1.0,Vertex,2023-10-14 21:10:57.520428
1553.9,0.8,1599.0,20.0,Vertex,2023-10-14 21:10:57.520428
1553.8,0.4,1608.0,1.79,Vertex,2023-10-14 21:10:57.520428
1551.0,0.2,1609.0,20.0,Vertex,2023-10-14 21:10:57.520428
1544.1,10.0,1619.0,20.0,Vertex,2023-10-14 21:10:57.520428
1543.1,10.0,1629.0,20.0,Vertex,2023-10-14 21:10:57.520428
1542.1,10.0,1639.0,20.0,Vertex,2023-10-14 21:10:57.520428
1541.1,10.0,1648.0,0.5,Vertex,2023-10-14 21:10:57.520428
1540.0,0.54,1649.0,20.0,Vertex,2023-10-14 21:10:57.520428
1537.0,15.0,1649.8,0.5,Vertex,2023-10-14 21:10:57.520428
1555.7,82.84,1555.8,12.84,Vertex,2023-10-14 22:11:42.526882
1555.6,86.22,1555.9,32.13,Vertex,2023-10-14 22:11:42.526882
1555.4,40.1,1556.0,118.94,Vertex,2023-10-14 22:11:42.526882
1555.3,1.7,1556.1,70.7,Vertex,2023-10-14 22:11:42.526882
1555.2,129.19,1556.2,228.81,Vertex,2023-10-14 22:11:42.526882
1555.1,2.5,1556.3,0.6,Vertex,2023-10-14 22:11:42.526882
1555.0,2.6,1556.4,1.7,Vertex,2023-10-14 22:11:42.526882
1554.9,117.8,1556.5,1.0,Vertex,2023-10-14 22:11:42.526882
1554.8,231.99,1556.6,225.76,Vertex,2023-10-14 22:11:42.526882
1554.6,4.3,1556.7,2.1,Vertex,2023-10-14 22:11:42.526882
1554.5,17.04,1556.8,1.5,Vertex,2023-10-14 22:11:42.526882
1554.3,6.8,1556.9,1.5,Vertex,2023-10-14 22:11:42.526882
1554.2,11.03,1557.0,16.06,Vertex,2023-10-14 22:11:42.526882
1554.0,6.0,1557.1,3.1,Vertex,2023-10-14 22:11:42.526882
1553.8,16.06,1557.2,0.8,Vertex,2023-10-14 22:11:42.526882
1553.6,9.63,1557.3,115.69,Vertex,2023-10-14 22:11:42.526882
1553.2,3.48,1557.4,1.9,Vertex,2023-10-14 22:11:42.526882
1551.0,0.2,1557.5,1.8,Vertex,2023-10-14 22:11:42.526882
1550.4,2.0,1557.9,4.22,Vertex,2023-10-14 22:11:42.526882
1544.1,10.0,1558.3,2.0,Vertex,2023-10-14 22:11:42.526882
1543.1,10.0,1567.0,0.2,Vertex,2023-10-14 22:11:42.526882
1542.1,10.0,1569.0,20.0,Vertex,2023-10-14 22:11:42.526882
1541.1,10.0,1579.0,20.0,Vertex,2023-10-14 22:11:42.526882
1540.0,0.54,1589.0,20.0,Vertex,2023-10-14 22:11:42.526882
1537.0,15.0,1590.0,7.0,Vertex,2023-10-14 22:11:42.526882
