bid_price,bid_size,ask_price,ask_size,protocol_name,timestamp
26844.0,3.054,26845.0,4.916,Vertex,2023-10-14 12:24:04.641581
26843.0,3.798,26846.0,3.724,Vertex,2023-10-14 12:24:04.641581
26842.0,3.725,26848.0,1.936,Vertex,2023-10-14 12:24:04.641581
26838.0,7.45,26851.0,7.448,Vertex,2023-10-14 12:24:04.641581
26835.0,0.01,26852.0,0.186,Vertex,2023-10-14 12:24:04.641581
26832.0,13.044,26856.0,1.62,Vertex,2023-10-14 12:24:04.641581
26824.0,6.702,26858.0,13.031,Vertex,2023-10-14 12:24:04.641581
26823.0,0.2,26862.0,6.702,Vertex,2023-10-14 12:24:04.641581
26822.0,0.948,26863.0,1.9,Vertex,2023-10-14 12:24:04.641581
26817.0,0.186,26867.0,0.204,Vertex,2023-10-14 12:24:04.641581
26814.0,0.558,26869.0,0.558,Vertex,2023-10-14 12:24:04.641581
26802.0,0.194,26885.0,0.252,Vertex,2023-10-14 12:24:04.641581
26601.0,0.01,26886.0,0.744,Vertex,2023-10-14 12:24:04.641581
26430.0,0.1,26943.0,0.179,Vertex,2023-10-14 12:24:04.641581
26244.0,0.01,27260.0,0.04,Vertex,2023-10-14 12:24:04.641581
26100.0,4.0,27370.0,0.1,Vertex,2023-10-14 12:24:04.641581
26031.0,0.015,27400.0,0.723,Vertex,2023-10-14 12:24:04.641581
25900.0,0.189,27430.0,0.2,Vertex,2023-10-14 12:24:04.641581
25891.0,0.106,27450.0,0.055,Vertex,2023-10-14 12:24:04.641581
25816.0,0.1,28273.0,0.013,Vertex,2023-10-14 12:24:04.641581
25785.0,0.02,28450.0,0.093,Vertex,2023-10-14 12:24:04.641581
25551.0,0.1,,,Vertex,2023-10-14 12:24:04.641581
25510.0,0.25,,,Vertex,2023-10-14 12:24:04.641581
25250.0,0.797,,,Vertex,2023-10-14 12:24:04.641581
25190.0,0.198,,,Vertex,2023-10-14 12:24:04.641581
26886.0,6.318,26887.0,5.036,Vertex,2023-10-14 13:14:27.067074
26885.0,0.01,26888.0,1.868,Vertex,2023-10-14 13:14:27.067074
26884.0,2.36,26889.0,3.717,Vertex,2023-10-14 13:14:27.067074
26881.0,9.373,26892.0,0.185,Vertex,2023-10-14 13:14:27.067074
26876.0,13.022,26894.0,7.435,Vertex,2023-10-14 13:14:27.067074
26864.0,0.2,26898.0,1.62,Vertex,2023-10-14 13:14:27.067074
26860.0,6.694,26901.0,19.704,Vertex,2023-10-14 13:14:27.067074
26857.0,0.204,26905.0,2.104,Vertex,2023-10-14 13:14:27.067074
26855.0,0.185,26911.0,0.557,Vertex,2023-10-14 13:14:27.067074
26853.0,0.743,26923.0,0.743,Vertex,2023-10-14 13:14:27.067074
26852.0,0.557,26926.0,0.252,Vertex,2023-10-14 13:14:27.067074
26843.0,0.193,27000.0,0.1,Vertex,2023-10-14 13:14:27.067074
26601.0,0.01,27260.0,0.04,Vertex,2023-10-14 13:14:27.067074
26430.0,0.1,27370.0,0.1,Vertex,2023-10-14 13:14:27.067074
26244.0,0.01,27400.0,0.723,Vertex,2023-10-14 13:14:27.067074
26100.0,4.0,27430.0,0.2,Vertex,2023-10-14 13:14:27.067074
26031.0,0.015,27450.0,0.055,Vertex,2023-10-14 13:14:27.067074
25900.0,0.189,28273.0,0.013,Vertex,2023-10-14 13:14:27.067074
25891.0,0.106,28450.0,0.093,Vertex,2023-10-14 13:14:27.067074
25816.0,0.1,,,Vertex,2023-10-14 13:14:27.067074
25785.0,0.02,,,Vertex,2023-10-14 13:14:27.067074
25551.0,0.1,,,Vertex,2023-10-14 13:14:27.067074
25510.0,0.25,,,Vertex,2023-10-14 13:14:27.067074
25250.0,0.797,,,Vertex,2023-10-14 13:14:27.067074
25190.0,0.198,,,Vertex,2023-10-14 13:14:27.067074
26896.0,7.523,26897.0,3.732,Vertex,2023-10-14 14:11:07.134014
26895.0,3.727,26898.0,1.868,Vertex,2023-10-14 14:11:07.134014
26891.0,7.437,26899.0,3.717,Vertex,2023-10-14 14:11:07.134014
26884.0,13.018,26900.0,1.933,Vertex,2023-10-14 14:11:07.134014
26875.0,0.2,26903.0,0.185,Vertex,2023-10-14 14:11:07.134014
26872.0,6.691,26904.0,7.434,Vertex,2023-10-14 14:11:07.134014
26870.0,0.204,26909.0,1.62,Vertex,2023-10-14 14:11:07.134014
26869.0,0.185,26910.0,13.006,Vertex,2023-10-14 14:11:07.134014
26867.0,0.743,26911.0,6.691,Vertex,2023-10-14 14:11:07.134014
26866.0,0.557,26917.0,1.9,Vertex,2023-10-14 14:11:07.134014
26853.0,0.193,26918.0,0.204,Vertex,2023-10-14 14:11:07.134014
26800.0,0.048,26921.0,0.557,Vertex,2023-10-14 14:11:07.134014
26601.0,0.01,26932.0,0.743,Vertex,2023-10-14 14:11:07.134014
26430.0,0.1,26938.0,0.252,Vertex,2023-10-14 14:11:07.134014
26244.0,0.01,27260.0,0.04,Vertex,2023-10-14 14:11:07.134014
26100.0,4.0,27370.0,0.1,Vertex,2023-10-14 14:11:07.134014
26031.0,0.015,27400.0,0.723,Vertex,2023-10-14 14:11:07.134014
25900.0,0.189,27430.0,0.2,Vertex,2023-10-14 14:11:07.134014
25891.0,0.106,27450.0,0.055,Vertex,2023-10-14 14:11:07.134014
25816.0,0.1,28273.0,0.013,Vertex,2023-10-14 14:11:07.134014
25785.0,0.02,28450.0,0.093,Vertex,2023-10-14 14:11:07.134014
25551.0,0.1,,,Vertex,2023-10-14 14:11:07.134014
25510.0,0.25,,,Vertex,2023-10-14 14:11:07.134014
25250.0,0.797,,,Vertex,2023-10-14 14:11:07.134014
25190.0,0.198,,,Vertex,2023-10-14 14:11:07.134014
26899.0,2.6,26900.0,6.95,Vertex,2023-10-14 15:12:22.195593
26898.0,8.077,26901.0,0.01,Vertex,2023-10-14 15:12:22.195593
26896.0,1.933,26902.0,3.717,Vertex,2023-10-14 15:12:22.195593
26895.0,7.435,26904.0,3.553,Vertex,2023-10-14 15:12:22.195593
26888.0,13.016,26906.0,7.617,Vertex,2023-10-14 15:12:22.195593
26874.0,0.743,26910.0,19.698,Vertex,2023-10-14 15:12:22.195593
26872.0,0.204,26912.0,1.9,Vertex,2023-10-14 15:12:22.195593
26871.0,0.185,26916.0,0.204,Vertex,2023-10-14 15:12:22.195593
26870.0,0.2,26924.0,0.557,Vertex,2023-10-14 15:12:22.195593
26869.0,6.692,26933.0,0.743,Vertex,2023-10-14 15:12:22.195593
26868.0,0.557,26940.0,0.252,Vertex,2023-10-14 15:12:22.195593
26855.0,0.193,27260.0,0.04,Vertex,2023-10-14 15:12:22.195593
26800.0,0.048,27370.0,0.1,Vertex,2023-10-14 15:12:22.195593
26601.0,0.01,27400.0,0.723,Vertex,2023-10-14 15:12:22.195593
26430.0,0.1,27430.0,0.2,Vertex,2023-10-14 15:12:22.195593
26244.0,0.01,27450.0,0.055,Vertex,2023-10-14 15:12:22.195593
26100.0,4.0,28273.0,0.013,Vertex,2023-10-14 15:12:22.195593
26031.0,0.015,28450.0,0.093,Vertex,2023-10-14 15:12:22.195593
25900.0,0.189,,,Vertex,2023-10-14 15:12:22.195593
25891.0,0.106,,,Vertex,2023-10-14 15:12:22.195593
25816.0,0.1,,,Vertex,2023-10-14 15:12:22.195593
25785.0,0.02,,,Vertex,2023-10-14 15:12:22.195593
25551.0,0.1,,,Vertex,2023-10-14 15:12:22.195593
25510.0,0.25,,,Vertex,2023-10-14 15:12:22.195593
25250.0,0.797,,,Vertex,2023-10-14 15:12:22.195593
26929.0,5.477,26930.0,5.477,Vertex,2023-10-14 16:15:52.497860
26927.0,5.644,26931.0,1.931,Vertex,2023-10-14 16:15:52.497860
26923.0,7.427,26932.0,3.713,Vertex,2023-10-14 16:15:52.497860
26915.0,13.003,26936.0,7.424,Vertex,2023-10-14 16:15:52.497860
26906.0,0.404,26938.0,6.6850000000000005,Vertex,2023-10-14 16:15:52.497860
26899.0,0.742,26940.0,1.805,Vertex,2023-10-14 16:15:52.497860
26895.0,0.185,26943.0,12.99,Vertex,2023-10-14 16:15:52.497860
26894.0,6.6850000000000005,26945.0,1.9,Vertex,2023-10-14 16:15:52.497860
26891.0,0.556,26947.0,0.204,Vertex,2023-10-14 16:15:52.497860
26886.0,0.193,26954.0,0.556,Vertex,2023-10-14 16:15:52.497860
26874.0,3.0,26970.0,0.994,Vertex,2023-10-14 16:15:52.497860
26873.0,5.0,27260.0,0.04,Vertex,2023-10-14 16:15:52.497860
26844.0,5.0,27370.0,0.1,Vertex,2023-10-14 16:15:52.497860
26800.0,0.048,27400.0,0.723,Vertex,2023-10-14 16:15:52.497860
26601.0,0.01,27430.0,0.2,Vertex,2023-10-14 16:15:52.497860
26430.0,0.1,27450.0,0.055,Vertex,2023-10-14 16:15:52.497860
26244.0,0.01,28273.0,0.013,Vertex,2023-10-14 16:15:52.497860
26100.0,4.0,28450.0,0.093,Vertex,2023-10-14 16:15:52.497860
26031.0,0.015,,,Vertex,2023-10-14 16:15:52.497860
25900.0,0.189,,,Vertex,2023-10-14 16:15:52.497860
25891.0,0.106,,,Vertex,2023-10-14 16:15:52.497860
25816.0,0.1,,,Vertex,2023-10-14 16:15:52.497860
25785.0,0.02,,,Vertex,2023-10-14 16:15:52.497860
25551.0,0.1,,,Vertex,2023-10-14 16:15:52.497860
25510.0,0.25,,,Vertex,2023-10-14 16:15:52.497860
26918.0,7.097,26919.0,7.097,Vertex,2023-10-14 17:10:55.966432
26917.0,3.714,26920.0,3.713,Vertex,2023-10-14 17:10:55.966432
26916.0,1.931,26921.0,1.931,Vertex,2023-10-14 17:10:55.966432
26913.0,7.431,26924.0,0.185,Vertex,2023-10-14 17:10:55.966432
26907.0,13.006,26925.0,7.427,Vertex,2023-10-14 17:10:55.966432
26897.0,6.889,26926.0,1.62,Vertex,2023-10-14 17:10:55.966432
26894.0,0.742,26931.0,12.996,Vertex,2023-10-14 17:10:55.966432
26892.0,0.2,26933.0,1.9,Vertex,2023-10-14 17:10:55.966432
26886.0,0.185,26938.0,6.6850000000000005,Vertex,2023-10-14 17:10:55.966432
26883.0,0.557,26943.0,0.557,Vertex,2023-10-14 17:10:55.966432
26875.0,0.193,26944.0,0.204,Vertex,2023-10-14 17:10:55.966432
26874.0,3.0,26959.0,0.994,Vertex,2023-10-14 17:10:55.966432
26873.0,5.0,27260.0,0.04,Vertex,2023-10-14 17:10:55.966432
26844.0,5.0,27370.0,0.1,Vertex,2023-10-14 17:10:55.966432
26800.0,0.048,27400.0,0.723,Vertex,2023-10-14 17:10:55.966432
26601.0,0.01,27430.0,0.2,Vertex,2023-10-14 17:10:55.966432
26430.0,0.1,27450.0,0.055,Vertex,2023-10-14 17:10:55.966432
26244.0,0.01,28273.0,0.013,Vertex,2023-10-14 17:10:55.966432
26100.0,4.0,28450.0,0.093,Vertex,2023-10-14 17:10:55.966432
26031.0,0.015,,,Vertex,2023-10-14 17:10:55.966432
25900.0,0.189,,,Vertex,2023-10-14 17:10:55.966432
25891.0,0.106,,,Vertex,2023-10-14 17:10:55.966432
25816.0,0.1,,,Vertex,2023-10-14 17:10:55.966432
25785.0,0.02,,,Vertex,2023-10-14 17:10:55.966432
25551.0,0.1,,,Vertex,2023-10-14 17:10:55.966432
26871.0,10.387,26872.0,4.5,Vertex,2023-10-14 18:16:25.501549
26868.0,9.376,26873.0,0.743,Vertex,2023-10-14 18:16:25.501549
26862.0,13.028,26874.0,3.794,Vertex,2023-10-14 18:16:25.501549
26848.0,6.694,26875.0,3.72,Vertex,2023-10-14 18:16:25.501549
26847.0,0.2,26878.0,0.186,Vertex,2023-10-14 18:16:25.501549
26846.0,0.204,26880.0,9.06,Vertex,2023-10-14 18:16:25.501549
26844.0,5.0,26887.0,19.71,Vertex,2023-10-14 18:16:25.501549
26843.0,0.744,26888.0,1.9,Vertex,2023-10-14 18:16:25.501549
26842.0,0.185,26892.0,0.204,Vertex,2023-10-14 18:16:25.501549
26839.0,0.557,26896.0,0.558,Vertex,2023-10-14 18:16:25.501549
26828.0,0.193,26903.0,0.744,Vertex,2023-10-14 18:16:25.501549
26800.0,0.048,26913.0,0.252,Vertex,2023-10-14 18:16:25.501549
26601.0,0.01,27260.0,0.04,Vertex,2023-10-14 18:16:25.501549
26430.0,0.1,27370.0,0.1,Vertex,2023-10-14 18:16:25.501549
26244.0,0.01,27400.0,0.723,Vertex,2023-10-14 18:16:25.501549
26100.0,4.0,27430.0,0.2,Vertex,2023-10-14 18:16:25.501549
26031.0,0.015,27450.0,0.055,Vertex,2023-10-14 18:16:25.501549
25900.0,0.189,28273.0,0.013,Vertex,2023-10-14 18:16:25.501549
25891.0,0.106,28450.0,0.093,Vertex,2023-10-14 18:16:25.501549
25816.0,0.1,,,Vertex,2023-10-14 18:16:25.501549
25785.0,0.02,,,Vertex,2023-10-14 18:16:25.501549
25551.0,0.1,,,Vertex,2023-10-14 18:16:25.501549
25510.0,0.25,,,Vertex,2023-10-14 18:16:25.501549
25250.0,0.797,,,Vertex,2023-10-14 18:16:25.501549
25190.0,0.198,,,Vertex,2023-10-14 18:16:25.501549
26870.0,2.6790000000000003,26871.0,10.824,Vertex,2023-10-14 19:10:14.733931
26869.0,1.86,26875.0,9.062,Vertex,2023-10-14 19:10:14.733931
26868.0,3.721,26876.0,1.935,Vertex,2023-10-14 19:10:14.733931
26866.0,4.5,26877.0,0.186,Vertex,2023-10-14 19:10:14.733931
26864.0,7.443,26879.0,1.9,Vertex,2023-10-14 19:10:14.733931
26856.0,13.032,26882.0,19.717,Vertex,2023-10-14 19:10:14.733931
26852.0,5.0,26895.0,0.762,Vertex,2023-10-14 19:10:14.733931
26849.0,11.698,26896.0,0.744,Vertex,2023-10-14 19:10:14.733931
26844.0,5.948,26912.0,0.252,Vertex,2023-10-14 19:10:14.733931
26841.0,0.2,27260.0,0.04,Vertex,2023-10-14 19:10:14.733931
26833.0,0.186,27370.0,0.1,Vertex,2023-10-14 19:10:14.733931
26830.0,0.558,27400.0,0.723,Vertex,2023-10-14 19:10:14.733931
26827.0,0.193,27430.0,0.2,Vertex,2023-10-14 19:10:14.733931
26800.0,0.048,27450.0,0.055,Vertex,2023-10-14 19:10:14.733931
26601.0,0.01,28273.0,0.013,Vertex,2023-10-14 19:10:14.733931
26430.0,0.1,28450.0,0.093,Vertex,2023-10-14 19:10:14.733931
26244.0,0.01,,,Vertex,2023-10-14 19:10:14.733931
26100.0,4.0,,,Vertex,2023-10-14 19:10:14.733931
26031.0,0.015,,,Vertex,2023-10-14 19:10:14.733931
25900.0,0.189,,,Vertex,2023-10-14 19:10:14.733931
25891.0,0.106,,,Vertex,2023-10-14 19:10:14.733931
25816.0,0.1,,,Vertex,2023-10-14 19:10:14.733931
25785.0,0.02,,,Vertex,2023-10-14 19:10:14.733931
25551.0,0.1,,,Vertex,2023-10-14 19:10:14.733931
25510.0,0.25,,,Vertex,2023-10-14 19:10:14.733931
26860.0,0.743,26861.0,7.103,Vertex,2023-10-14 20:13:01.747025
26859.0,1.86,26862.0,3.796,Vertex,2023-10-14 20:13:01.747025
26857.0,3.722,26864.0,1.62,Vertex,2023-10-14 20:13:01.747025
26856.0,1.936,26867.0,7.629,Vertex,2023-10-14 20:13:01.747025
26854.0,4.5,26873.0,1.9,Vertex,2023-10-14 20:13:01.747025
26853.0,7.447,26874.0,13.023,Vertex,2023-10-14 20:13:01.747025
26852.0,5.0,26875.0,6.7,Vertex,2023-10-14 20:13:01.747025
26849.0,18.035,26882.0,0.204,Vertex,2023-10-14 20:13:01.747025
26844.0,5.0,26885.0,0.558,Vertex,2023-10-14 20:13:01.747025
26834.0,7.648,26897.0,0.744,Vertex,2023-10-14 20:13:01.747025
26830.0,0.2,26902.0,0.252,Vertex,2023-10-14 20:13:01.747025
26829.0,0.186,27260.0,0.04,Vertex,2023-10-14 20:13:01.747025
26826.0,0.558,27370.0,0.1,Vertex,2023-10-14 20:13:01.747025
26818.0,0.193,27400.0,0.723,Vertex,2023-10-14 20:13:01.747025
26800.0,0.048,27430.0,0.2,Vertex,2023-10-14 20:13:01.747025
26601.0,0.01,27450.0,0.055,Vertex,2023-10-14 20:13:01.747025
26430.0,0.1,28273.0,0.013,Vertex,2023-10-14 20:13:01.747025
26244.0,0.01,28450.0,0.093,Vertex,2023-10-14 20:13:01.747025
26100.0,4.0,,,Vertex,2023-10-14 20:13:01.747025
26031.0,0.015,,,Vertex,2023-10-14 20:13:01.747025
25900.0,0.189,,,Vertex,2023-10-14 20:13:01.747025
25891.0,0.106,,,Vertex,2023-10-14 20:13:01.747025
25816.0,0.1,,,Vertex,2023-10-14 20:13:01.747025
25785.0,0.02,,,Vertex,2023-10-14 20:13:01.747025
25551.0,0.1,,,Vertex,2023-10-14 20:13:01.747025
26874.0,0.743,26875.0,3.72,Vertex,2023-10-14 21:10:59.114240
26872.0,3.794,26877.0,2.363,Vertex,2023-10-14 21:10:59.114240
26869.0,3.721,26878.0,1.934,Vertex,2023-10-14 21:10:59.114240
26868.0,3.72,26880.0,1.86,Vertex,2023-10-14 21:10:59.114240
26862.0,7.445,26882.0,3.906,Vertex,2023-10-14 21:10:59.114240
26859.0,6.696,26886.0,1.9,Vertex,2023-10-14 21:10:59.114240
26856.0,13.235,26888.0,7.437,Vertex,2023-10-14 21:10:59.114240
26851.0,0.744,26896.0,6.9,Vertex,2023-10-14 21:10:59.114240
26843.0,0.2,26897.0,13.012,Vertex,2023-10-14 21:10:59.114240
26839.0,0.186,26899.0,0.558,Vertex,2023-10-14 21:10:59.114240
26836.0,0.558,26915.0,0.252,Vertex,2023-10-14 21:10:59.114240
26831.0,0.193,26917.0,0.744,Vertex,2023-10-14 21:10:59.114240
26800.0,0.048,26975.0,0.01,Vertex,2023-10-14 21:10:59.114240
26601.0,0.01,27260.0,0.04,Vertex,2023-10-14 21:10:59.114240
26430.0,0.1,27370.0,0.1,Vertex,2023-10-14 21:10:59.114240
26244.0,0.01,27400.0,0.723,Vertex,2023-10-14 21:10:59.114240
26100.0,4.0,27430.0,0.2,Vertex,2023-10-14 21:10:59.114240
26031.0,0.015,27450.0,0.055,Vertex,2023-10-14 21:10:59.114240
25900.0,0.189,28273.0,0.013,Vertex,2023-10-14 21:10:59.114240
25891.0,0.106,28450.0,0.093,Vertex,2023-10-14 21:10:59.114240
25816.0,0.1,,,Vertex,2023-10-14 21:10:59.114240
25785.0,0.02,,,Vertex,2023-10-14 21:10:59.114240
25551.0,0.1,,,Vertex,2023-10-14 21:10:59.114240
25510.0,0.25,,,Vertex,2023-10-14 21:10:59.114240
25250.0,0.797,,,Vertex,2023-10-14 21:10:59.114240
26830.0,0.744,26832.0,0.744,Vertex,2023-10-14 22:11:44.297145
26829.0,4.952,26833.0,3.558,Vertex,2023-10-14 22:11:44.297145
26827.0,3.726,26834.0,4.952,Vertex,2023-10-14 22:11:44.297145
26826.0,1.938,26835.0,3.725,Vertex,2023-10-14 22:11:44.297145
26823.0,7.456,26838.0,0.186,Vertex,2023-10-14 22:11:44.297145
26817.0,13.051,26839.0,13.039,Vertex,2023-10-14 22:11:44.297145
26803.0,6.913,26840.0,1.9,Vertex,2023-10-14 22:11:44.297145
26800.0,0.248,26843.0,6.709,Vertex,2023-10-14 22:11:44.297145
26797.0,0.745,26844.0,13.038,Vertex,2023-10-14 22:11:44.297145
26787.0,0.194,26852.0,0.204,Vertex,2023-10-14 22:11:44.297145
26786.0,0.186,26853.0,0.01,Vertex,2023-10-14 22:11:44.297145
26783.0,0.559,26856.0,0.559,Vertex,2023-10-14 22:11:44.297145
26601.0,0.01,26867.0,0.745,Vertex,2023-10-14 22:11:44.297145
26430.0,0.1,26872.0,0.253,Vertex,2023-10-14 22:11:44.297145
26244.0,0.01,27260.0,0.04,Vertex,2023-10-14 22:11:44.297145
26100.0,4.0,27370.0,0.1,Vertex,2023-10-14 22:11:44.297145
26031.0,0.015,27400.0,0.723,Vertex,2023-10-14 22:11:44.297145
25900.0,0.189,27430.0,0.2,Vertex,2023-10-14 22:11:44.297145
25891.0,0.106,27450.0,0.055,Vertex,2023-10-14 22:11:44.297145
25816.0,0.1,28273.0,0.013,Vertex,2023-10-14 22:11:44.297145
25785.0,0.02,28450.0,0.093,Vertex,2023-10-14 22:11:44.297145
25551.0,0.1,,,Vertex,2023-10-14 22:11:44.297145
25510.0,0.25,,,Vertex,2023-10-14 22:11:44.297145
25250.0,0.797,,,Vertex,2023-10-14 22:11:44.297145
25190.0,0.198,,,Vertex,2023-10-14 22:11:44.297145
26864.0,13.42,26865.0,4.043,Vertex,2023-10-14 23:12:27.502148
26862.0,0.01,26866.0,1.86,Vertex,2023-10-14 23:12:27.502148
26861.0,7.445,26868.0,3.721,Vertex,2023-10-14 23:12:27.502148
26855.0,13.032,26869.0,1.935,Vertex,2023-10-14 23:12:27.502148
26839.0,6.904,26871.0,1.62,Vertex,2023-10-14 23:12:27.502148
26838.0,0.944,26872.0,7.628,Vertex,2023-10-14 23:12:27.502148
26829.0,0.186,26877.0,6.7,Vertex,2023-10-14 23:12:27.502148
26825.0,0.558,26878.0,13.022,Vertex,2023-10-14 23:12:27.502148
26821.0,0.193,26879.0,1.9,Vertex,2023-10-14 23:12:27.502148
26800.0,0.048,26886.0,0.204,Vertex,2023-10-14 23:12:27.502148
26601.0,0.01,26889.0,0.558,Vertex,2023-10-14 23:12:27.502148
26430.0,0.1,26903.0,0.744,Vertex,2023-10-14 23:12:27.502148
26244.0,0.01,26905.0,0.252,Vertex,2023-10-14 23:12:27.502148
26100.0,4.0,27260.0,0.04,Vertex,2023-10-14 23:12:27.502148
26031.0,0.015,27370.0,0.1,Vertex,2023-10-14 23:12:27.502148
25900.0,0.189,27400.0,0.723,Vertex,2023-10-14 23:12:27.502148
25891.0,0.106,27430.0,0.2,Vertex,2023-10-14 23:12:27.502148
25816.0,0.1,27450.0,0.055,Vertex,2023-10-14 23:12:27.502148
25785.0,0.02,28273.0,0.013,Vertex,2023-10-14 23:12:27.502148
25551.0,0.1,28450.0,0.093,Vertex,2023-10-14 23:12:27.502148
25510.0,0.25,,,Vertex,2023-10-14 23:12:27.502148
25250.0,0.797,,,Vertex,2023-10-14 23:12:27.502148
25190.0,0.198,,,Vertex,2023-10-14 23:12:27.502148
25037.0,0.1,,,Vertex,2023-10-14 23:12:27.502148
25000.0,0.01,,,Vertex,2023-10-14 23:12:27.502148
26846.0,11.651,26848.0,0.743,Vertex,2023-10-15 01:04:28.271843
26845.0,1.936,26849.0,1.862,Vertex,2023-10-15 01:04:28.271843
26842.0,7.45,26850.0,3.724,Vertex,2023-10-15 01:04:28.271843
26838.0,0.01,26851.0,5.396,Vertex,2023-10-15 01:04:28.271843
26835.0,13.041,26855.0,9.067,Vertex,2023-10-15 01:04:28.271843
26827.0,0.204,26858.0,0.186,Vertex,2023-10-15 01:04:28.271843
26826.0,0.744,26859.0,13.031,Vertex,2023-10-15 01:04:28.271843
26823.0,6.704,26861.0,6.704,Vertex,2023-10-15 01:04:28.271843
26820.0,0.2,26862.0,1.9,Vertex,2023-10-15 01:04:28.271843
26815.0,0.186,26870.0,0.204,Vertex,2023-10-15 01:04:28.271843
26812.0,0.558,26872.0,0.558,Vertex,2023-10-15 01:04:28.271843
26803.0,0.194,26887.0,0.252,Vertex,2023-10-15 01:04:28.271843
26800.0,0.048,26891.0,0.744,Vertex,2023-10-15 01:04:28.271843
26601.0,0.01,27260.0,0.04,Vertex,2023-10-15 01:04:28.271843
26430.0,0.1,27370.0,0.1,Vertex,2023-10-15 01:04:28.271843
26244.0,0.01,27400.0,0.723,Vertex,2023-10-15 01:04:28.271843
26100.0,4.0,27430.0,0.2,Vertex,2023-10-15 01:04:28.271843
26031.0,0.015,27450.0,0.055,Vertex,2023-10-15 01:04:28.271843
25900.0,0.189,28273.0,0.013,Vertex,2023-10-15 01:04:28.271843
25891.0,0.106,28450.0,0.093,Vertex,2023-10-15 01:04:28.271843
25816.0,0.1,,,Vertex,2023-10-15 01:04:28.271843
25785.0,0.02,,,Vertex,2023-10-15 01:04:28.271843
25551.0,0.1,,,Vertex,2023-10-15 01:04:28.271843
25510.0,0.25,,,Vertex,2023-10-15 01:04:28.271843
25250.0,0.797,,,Vertex,2023-10-15 01:04:28.271843
26877.0,3.49,26878.0,4.233,Vertex,2023-10-15 02:22:44.938029
26875.0,1.934,26879.0,3.72,Vertex,2023-10-15 02:22:44.938029
26869.0,7.442,26881.0,10.994,Vertex,2023-10-15 02:22:44.938029
26863.0,13.028,26887.0,13.201,Vertex,2023-10-15 02:22:44.938029
26851.0,6.899,26889.0,1.9,Vertex,2023-10-15 02:22:44.938029
26850.0,0.744,26892.0,13.015,Vertex,2023-10-15 02:22:44.938029
26847.0,0.2,26897.0,6.694,Vertex,2023-10-15 02:22:44.938029
26843.0,0.185,26898.0,0.204,Vertex,2023-10-15 02:22:44.938029
26841.0,0.03,26901.0,0.557,Vertex,2023-10-15 02:22:44.938029
26840.0,0.557,26917.0,0.252,Vertex,2023-10-15 02:22:44.938029
26834.0,0.193,26919.0,0.743,Vertex,2023-10-15 02:22:44.938029
26800.0,0.048,27260.0,0.04,Vertex,2023-10-15 02:22:44.938029
26601.0,0.01,27370.0,0.1,Vertex,2023-10-15 02:22:44.938029
26430.0,0.1,27400.0,0.723,Vertex,2023-10-15 02:22:44.938029
26244.0,0.01,27430.0,0.2,Vertex,2023-10-15 02:22:44.938029
26100.0,4.0,27450.0,0.055,Vertex,2023-10-15 02:22:44.938029
26031.0,0.015,28273.0,0.013,Vertex,2023-10-15 02:22:44.938029
25900.0,0.189,28450.0,0.093,Vertex,2023-10-15 02:22:44.938029
25891.0,0.106,,,Vertex,2023-10-15 02:22:44.938029
25816.0,0.1,,,Vertex,2023-10-15 02:22:44.938029
25785.0,0.02,,,Vertex,2023-10-15 02:22:44.938029
25551.0,0.1,,,Vertex,2023-10-15 02:22:44.938029
25510.0,0.25,,,Vertex,2023-10-15 02:22:44.938029
25250.0,0.797,,,Vertex,2023-10-15 02:22:44.938029
25190.0,0.198,,,Vertex,2023-10-15 02:22:44.938029
26890.0,9.923,26892.0,0.742,Vertex,2023-10-15 03:13:46.200214
26889.0,3.717,26893.0,3.792,Vertex,2023-10-15 03:13:46.200214
26885.0,7.439,26894.0,1.62,Vertex,2023-10-15 03:13:46.200214
26882.0,0.01,26895.0,7.247,Vertex,2023-10-15 03:13:46.200214
26879.0,13.021,26899.0,6.694,Vertex,2023-10-15 03:13:46.200214
26861.0,0.204,26900.0,7.434,Vertex,2023-10-15 03:13:46.200214
26860.0,6.894,26902.0,0.185,Vertex,2023-10-15 03:13:46.200214
26857.0,0.743,26903.0,1.9,Vertex,2023-10-15 03:13:46.200214
26849.0,0.185,26904.0,13.009,Vertex,2023-10-15 03:13:46.200214
26847.0,0.203,26914.0,0.204,Vertex,2023-10-15 03:13:46.200214
26846.0,0.557,26915.0,0.557,Vertex,2023-10-15 03:13:46.200214
26800.0,0.048,26924.0,0.743,Vertex,2023-10-15 03:13:46.200214
26601.0,0.01,26932.0,0.252,Vertex,2023-10-15 03:13:46.200214
26430.0,0.1,27260.0,0.04,Vertex,2023-10-15 03:13:46.200214
26244.0,0.01,27370.0,0.1,Vertex,2023-10-15 03:13:46.200214
26100.0,4.0,27400.0,0.723,Vertex,2023-10-15 03:13:46.200214
26031.0,0.015,27430.0,0.2,Vertex,2023-10-15 03:13:46.200214
25900.0,0.189,27450.0,0.055,Vertex,2023-10-15 03:13:46.200214
25891.0,0.106,28273.0,0.013,Vertex,2023-10-15 03:13:46.200214
25816.0,0.1,28450.0,0.093,Vertex,2023-10-15 03:13:46.200214
25785.0,0.02,,,Vertex,2023-10-15 03:13:46.200214
25551.0,0.1,,,Vertex,2023-10-15 03:13:46.200214
25510.0,0.25,,,Vertex,2023-10-15 03:13:46.200214
25250.0,0.797,,,Vertex,2023-10-15 03:13:46.200214
25190.0,0.198,,,Vertex,2023-10-15 03:13:46.200214
26882.0,6.836,26883.0,10.478,Vertex,2023-10-15 04:15:28.156749
26881.0,1.86,26885.0,1.944,Vertex,2023-10-15 04:15:28.156749
26880.0,0.01,26887.0,7.437,Vertex,2023-10-15 04:15:28.156749
26879.0,3.72,26889.0,0.185,Vertex,2023-10-15 04:15:28.156749
26875.0,7.44,26890.0,1.62,Vertex,2023-10-15 04:15:28.156749
26869.0,13.025,26895.0,13.012,Vertex,2023-10-15 04:15:28.156749
26861.0,0.743,26896.0,1.9,Vertex,2023-10-15 04:15:28.156749
26859.0,0.204,26897.0,6.694,Vertex,2023-10-15 04:15:28.156749
26857.0,6.694,26907.0,0.557,Vertex,2023-10-15 04:15:28.156749
26856.0,0.2,26910.0,0.204,Vertex,2023-10-15 04:15:28.156749
26849.0,0.185,26924.0,0.995,Vertex,2023-10-15 04:15:28.156749
26846.0,0.557,27260.0,0.04,Vertex,2023-10-15 04:15:28.156749
26839.0,0.193,27370.0,0.1,Vertex,2023-10-15 04:15:28.156749
26800.0,0.048,27400.0,0.723,Vertex,2023-10-15 04:15:28.156749
26601.0,0.01,27430.0,0.2,Vertex,2023-10-15 04:15:28.156749
26430.0,0.1,27450.0,0.055,Vertex,2023-10-15 04:15:28.156749
26244.0,0.01,28273.0,0.013,Vertex,2023-10-15 04:15:28.156749
26100.0,4.0,28450.0,0.093,Vertex,2023-10-15 04:15:28.156749
26031.0,0.015,,,Vertex,2023-10-15 04:15:28.156749
25900.0,0.189,,,Vertex,2023-10-15 04:15:28.156749
25891.0,0.106,,,Vertex,2023-10-15 04:15:28.156749
25816.0,0.1,,,Vertex,2023-10-15 04:15:28.156749
25785.0,0.02,,,Vertex,2023-10-15 04:15:28.156749
25551.0,0.1,,,Vertex,2023-10-15 04:15:28.156749
25510.0,0.25,,,Vertex,2023-10-15 04:15:28.156749
26879.0,8.707,26880.0,6.763,Vertex,2023-10-15 05:12:14.098921
26878.0,3.72,26882.0,3.72,Vertex,2023-10-15 05:12:14.098921
26874.0,7.44,26884.0,1.934,Vertex,2023-10-15 05:12:14.098921
26867.0,13.025,26886.0,9.242,Vertex,2023-10-15 05:12:14.098921
26859.0,6.695,26892.0,13.015,Vertex,2023-10-15 05:12:14.098921
26858.0,0.947,26894.0,1.9,Vertex,2023-10-15 05:12:14.098921
26853.0,0.2,26897.0,6.694,Vertex,2023-10-15 05:12:14.098921
26846.0,0.185,26904.0,0.761,Vertex,2023-10-15 05:12:14.098921
26843.0,0.557,26921.0,0.252,Vertex,2023-10-15 05:12:14.098921
26836.0,0.193,26923.0,0.753,Vertex,2023-10-15 05:12:14.098921
26800.0,0.048,27260.0,0.04,Vertex,2023-10-15 05:12:14.098921
26601.0,0.01,27370.0,0.1,Vertex,2023-10-15 05:12:14.098921
26430.0,0.1,27400.0,0.723,Vertex,2023-10-15 05:12:14.098921
26244.0,0.01,27430.0,0.2,Vertex,2023-10-15 05:12:14.098921
26100.0,4.0,27450.0,0.055,Vertex,2023-10-15 05:12:14.098921
26031.0,0.015,28273.0,0.013,Vertex,2023-10-15 05:12:14.098921
25900.0,0.189,28450.0,0.093,Vertex,2023-10-15 05:12:14.098921
25891.0,0.106,,,Vertex,2023-10-15 05:12:14.098921
25816.0,0.1,,,Vertex,2023-10-15 05:12:14.098921
25785.0,0.02,,,Vertex,2023-10-15 05:12:14.098921
25551.0,0.1,,,Vertex,2023-10-15 05:12:14.098921
25510.0,0.25,,,Vertex,2023-10-15 05:12:14.098921
25250.0,0.797,,,Vertex,2023-10-15 05:12:14.098921
25190.0,0.198,,,Vertex,2023-10-15 05:12:14.098921
25037.0,0.1,,,Vertex,2023-10-15 05:12:14.098921
26876.0,12.113,26877.0,3.93,Vertex,2023-10-15 06:17:14.670263
26873.0,7.442,26878.0,0.743,Vertex,2023-10-15 06:17:14.670263
26872.0,1.784,26879.0,3.794,Vertex,2023-10-15 06:17:14.670263
26865.0,13.026,26880.0,3.72,Vertex,2023-10-15 06:17:14.670263
26858.0,0.947,26883.0,7.624,Vertex,2023-10-15 06:17:14.670263
26849.0,0.2,26884.0,1.62,Vertex,2023-10-15 06:17:14.670263
26843.0,6.696,26891.0,13.015,Vertex,2023-10-15 06:17:14.670263
26841.0,0.186,26892.0,1.9,Vertex,2023-10-15 06:17:14.670263
26839.0,0.03,26897.0,6.898,Vertex,2023-10-15 06:17:14.670263
26837.0,0.557,26901.0,0.557,Vertex,2023-10-15 06:17:14.670263
26833.0,0.193,26917.0,0.252,Vertex,2023-10-15 06:17:14.670263
26800.0,0.048,26923.0,0.743,Vertex,2023-10-15 06:17:14.670263
26601.0,0.01,26975.0,0.01,Vertex,2023-10-15 06:17:14.670263
26430.0,0.1,27260.0,0.04,Vertex,2023-10-15 06:17:14.670263
26244.0,0.01,27370.0,0.1,Vertex,2023-10-15 06:17:14.670263
26100.0,4.0,27400.0,0.723,Vertex,2023-10-15 06:17:14.670263
26031.0,0.015,27430.0,0.2,Vertex,2023-10-15 06:17:14.670263
25900.0,0.189,27450.0,0.055,Vertex,2023-10-15 06:17:14.670263
25891.0,0.106,28273.0,0.013,Vertex,2023-10-15 06:17:14.670263
25816.0,0.1,28450.0,0.093,Vertex,2023-10-15 06:17:14.670263
25785.0,0.02,,,Vertex,2023-10-15 06:17:14.670263
25551.0,0.1,,,Vertex,2023-10-15 06:17:14.670263
25510.0,0.25,,,Vertex,2023-10-15 06:17:14.670263
25250.0,0.797,,,Vertex,2023-10-15 06:17:14.670263
25190.0,0.198,,,Vertex,2023-10-15 06:17:14.670263
26879.0,8.313,26880.0,6.483,Vertex,2023-10-15 07:11:30.450655
26878.0,5.629,26881.0,5.654,Vertex,2023-10-15 07:11:30.450655
26874.0,7.44,26884.0,7.439,Vertex,2023-10-15 07:11:30.450655
26868.0,13.025,26885.0,0.185,Vertex,2023-10-15 07:11:30.450655
26857.0,7.644,26888.0,1.62,Vertex,2023-10-15 07:11:30.450655
26854.0,0.2,26890.0,13.016,Vertex,2023-10-15 07:11:30.450655
26851.0,0.185,26895.0,1.9,Vertex,2023-10-15 07:11:30.450655
26849.0,0.03,26897.0,6.694,Vertex,2023-10-15 07:11:30.450655
26848.0,0.557,26904.0,0.761,Vertex,2023-10-15 07:11:30.450655
26835.0,0.193,26919.0,0.252,Vertex,2023-10-15 07:11:30.450655
26800.0,0.048,26924.0,0.744,Vertex,2023-10-15 07:11:30.450655
26601.0,0.01,27260.0,0.04,Vertex,2023-10-15 07:11:30.450655
26430.0,0.1,27370.0,0.1,Vertex,2023-10-15 07:11:30.450655
26244.0,0.01,27400.0,0.723,Vertex,2023-10-15 07:11:30.450655
26100.0,4.0,27430.0,0.2,Vertex,2023-10-15 07:11:30.450655
26031.0,0.015,27450.0,0.055,Vertex,2023-10-15 07:11:30.450655
25900.0,0.189,28273.0,0.013,Vertex,2023-10-15 07:11:30.450655
25891.0,0.106,28450.0,0.093,Vertex,2023-10-15 07:11:30.450655
25816.0,0.1,,,Vertex,2023-10-15 07:11:30.450655
25785.0,0.02,,,Vertex,2023-10-15 07:11:30.450655
25551.0,0.1,,,Vertex,2023-10-15 07:11:30.450655
25510.0,0.25,,,Vertex,2023-10-15 07:11:30.450655
25250.0,0.797,,,Vertex,2023-10-15 07:11:30.450655
25190.0,0.198,,,Vertex,2023-10-15 07:11:30.450655
25037.0,0.1,,,Vertex,2023-10-15 07:11:30.450655
26884.0,10.138,26885.0,3.698,Vertex,2023-10-15 08:15:44.384151
26883.0,1.883,26886.0,0.742,Vertex,2023-10-15 08:15:44.384151
26882.0,0.01,26887.0,1.868,Vertex,2023-10-15 08:15:44.384151
26881.0,7.439,26888.0,5.651,Vertex,2023-10-15 08:15:44.384151
26875.0,13.022,26893.0,9.057,Vertex,2023-10-15 08:15:44.384151
26867.0,0.743,26895.0,0.185,Vertex,2023-10-15 08:15:44.384151
26864.0,6.895,26898.0,1.62,Vertex,2023-10-15 08:15:44.384151
26861.0,0.185,26900.0,13.01,Vertex,2023-10-15 08:15:44.384151
26860.0,0.02,26909.0,0.557,Vertex,2023-10-15 08:15:44.384151
26859.0,0.2,26910.0,6.895,Vertex,2023-10-15 08:15:44.384151
26858.0,0.557,26926.0,0.252,Vertex,2023-10-15 08:15:44.384151
26841.0,0.193,26927.0,0.743,Vertex,2023-10-15 08:15:44.384151
26800.0,0.048,27260.0,0.04,Vertex,2023-10-15 08:15:44.384151
26601.0,0.01,27370.0,0.1,Vertex,2023-10-15 08:15:44.384151
26430.0,0.1,27400.0,0.723,Vertex,2023-10-15 08:15:44.384151
26244.0,0.01,27430.0,0.2,Vertex,2023-10-15 08:15:44.384151
26100.0,4.0,27450.0,0.055,Vertex,2023-10-15 08:15:44.384151
26031.0,0.015,27500.0,3.0,Vertex,2023-10-15 08:15:44.384151
25900.0,0.189,28273.0,0.013,Vertex,2023-10-15 08:15:44.384151
25891.0,0.106,28450.0,0.093,Vertex,2023-10-15 08:15:44.384151
25816.0,0.1,,,Vertex,2023-10-15 08:15:44.384151
25785.0,0.02,,,Vertex,2023-10-15 08:15:44.384151
25551.0,0.1,,,Vertex,2023-10-15 08:15:44.384151
25510.0,0.25,,,Vertex,2023-10-15 08:15:44.384151
25250.0,0.797,,,Vertex,2023-10-15 08:15:44.384151
26918.0,6.372,26919.0,4.441,Vertex,2023-10-15 09:12:10.927254
26916.0,1.856,26920.0,3.713,Vertex,2023-10-15 09:12:10.927254
26914.0,3.714,26922.0,5.644,Vertex,2023-10-15 09:12:10.927254
26911.0,7.431,26925.0,1.62,Vertex,2023-10-15 09:12:10.927254
26905.0,13.007,26929.0,19.867,Vertex,2023-10-15 09:12:10.927254
26898.0,0.742,26931.0,1.9,Vertex,2023-10-15 09:12:10.927254
26896.0,6.686,26934.0,12.993,Vertex,2023-10-15 09:12:10.927254
26892.0,0.204,26938.0,0.204,Vertex,2023-10-15 09:12:10.927254
26891.0,0.2,26943.0,0.557,Vertex,2023-10-15 09:12:10.927254
26886.0,0.185,26959.0,0.994,Vertex,2023-10-15 09:12:10.927254
26882.0,0.557,27260.0,0.04,Vertex,2023-10-15 09:12:10.927254
26875.0,0.193,27370.0,0.1,Vertex,2023-10-15 09:12:10.927254
26800.0,0.048,27400.0,0.723,Vertex,2023-10-15 09:12:10.927254
26601.0,0.01,27430.0,0.2,Vertex,2023-10-15 09:12:10.927254
26430.0,0.1,27450.0,0.055,Vertex,2023-10-15 09:12:10.927254
26244.0,0.01,27500.0,3.0,Vertex,2023-10-15 09:12:10.927254
26100.0,4.0,28273.0,0.013,Vertex,2023-10-15 09:12:10.927254
26031.0,0.015,28450.0,0.093,Vertex,2023-10-15 09:12:10.927254
25900.0,0.189,,,Vertex,2023-10-15 09:12:10.927254
25891.0,0.106,,,Vertex,2023-10-15 09:12:10.927254
25816.0,0.1,,,Vertex,2023-10-15 09:12:10.927254
25785.0,0.02,,,Vertex,2023-10-15 09:12:10.927254
25551.0,0.1,,,Vertex,2023-10-15 09:12:10.927254
25510.0,0.25,,,Vertex,2023-10-15 09:12:10.927254
25250.0,0.797,,,Vertex,2023-10-15 09:12:10.927254
26897.0,0.742,26898.0,6.5600000000000005,Vertex,2023-10-15 10:13:27.784734
26896.0,1.858,26899.0,3.717,Vertex,2023-10-15 10:13:27.784734
26895.0,7.66,26900.0,1.943,Vertex,2023-10-15 10:13:27.784734
26893.0,3.96,26903.0,7.619,Vertex,2023-10-15 10:13:27.784734
26891.0,7.437,26904.0,1.62,Vertex,2023-10-15 10:13:27.784734
26885.0,13.018,26910.0,13.006,Vertex,2023-10-15 10:13:27.784734
26880.0,0.743,26913.0,8.59,Vertex,2023-10-15 10:13:27.784734
26870.0,0.2,26922.0,0.557,Vertex,2023-10-15 10:13:27.784734
26869.0,0.389,26925.0,0.204,Vertex,2023-10-15 10:13:27.784734
26867.0,6.711,26938.0,0.252,Vertex,2023-10-15 10:13:27.784734
26865.0,0.557,26946.0,0.743,Vertex,2023-10-15 10:13:27.784734
26854.0,0.193,27260.0,0.04,Vertex,2023-10-15 10:13:27.784734
26800.0,0.048,27370.0,0.1,Vertex,2023-10-15 10:13:27.784734
26601.0,0.01,27400.0,0.723,Vertex,2023-10-15 10:13:27.784734
26430.0,0.1,27430.0,0.2,Vertex,2023-10-15 10:13:27.784734
26244.0,0.01,27450.0,0.055,Vertex,2023-10-15 10:13:27.784734
26100.0,4.0,27500.0,3.0,Vertex,2023-10-15 10:13:27.784734
26031.0,0.015,28273.0,0.013,Vertex,2023-10-15 10:13:27.784734
25900.0,0.189,28450.0,0.093,Vertex,2023-10-15 10:13:27.784734
25891.0,0.106,,,Vertex,2023-10-15 10:13:27.784734
25816.0,0.1,,,Vertex,2023-10-15 10:13:27.784734
25785.0,0.02,,,Vertex,2023-10-15 10:13:27.784734
25551.0,0.1,,,Vertex,2023-10-15 10:13:27.784734
25510.0,0.25,,,Vertex,2023-10-15 10:13:27.784734
25250.0,0.797,,,Vertex,2023-10-15 10:13:27.784734
26862.0,3.77,26863.0,3.77,Vertex,2023-10-15 11:10:24.595735
26861.0,1.935,26865.0,1.945,Vertex,2023-10-15 11:10:24.595735
26850.0,0.186,26867.0,1.62,Vertex,2023-10-15 11:10:24.595735
26848.0,0.02,26873.0,0.186,Vertex,2023-10-15 11:10:24.595735
26838.0,7.461,26874.0,1.9,Vertex,2023-10-15 11:10:24.595735
26837.0,0.744,26882.0,6.692,Vertex,2023-10-15 11:10:24.595735
26833.0,0.2,26887.0,0.762,Vertex,2023-10-15 11:10:24.595735
26819.0,0.193,26903.0,0.252,Vertex,2023-10-15 11:10:24.595735
26800.0,0.048,26904.0,0.743,Vertex,2023-10-15 11:10:24.595735
26601.0,0.01,27260.0,0.04,Vertex,2023-10-15 11:10:24.595735
26430.0,0.1,27370.0,0.1,Vertex,2023-10-15 11:10:24.595735
26244.0,0.01,27400.0,0.723,Vertex,2023-10-15 11:10:24.595735
26100.0,4.0,27430.0,0.2,Vertex,2023-10-15 11:10:24.595735
26031.0,0.015,27450.0,0.055,Vertex,2023-10-15 11:10:24.595735
25900.0,0.189,27500.0,3.0,Vertex,2023-10-15 11:10:24.595735
25891.0,0.106,28273.0,0.013,Vertex,2023-10-15 11:10:24.595735
25816.0,0.1,28450.0,0.093,Vertex,2023-10-15 11:10:24.595735
25785.0,0.02,,,Vertex,2023-10-15 11:10:24.595735
25551.0,0.1,,,Vertex,2023-10-15 11:10:24.595735
25510.0,0.25,,,Vertex,2023-10-15 11:10:24.595735
25250.0,0.797,,,Vertex,2023-10-15 11:10:24.595735
25190.0,0.198,,,Vertex,2023-10-15 11:10:24.595735
25037.0,0.1,,,Vertex,2023-10-15 11:10:24.595735
25000.0,0.01,,,Vertex,2023-10-15 11:10:24.595735
20100.0,0.5,,,Vertex,2023-10-15 11:10:24.595735
26832.0,8.194,26833.0,2.77,Vertex,2023-10-15 12:24:38.753740
26830.0,1.947,26834.0,2.681,Vertex,2023-10-15 12:24:38.753740
26828.0,7.453,26835.0,1.872,Vertex,2023-10-15 12:24:38.753740
26826.0,2.77,26836.0,3.725,Vertex,2023-10-15 12:24:38.753740
26823.0,13.048,26841.0,14.157,Vertex,2023-10-15 12:24:38.753740
26813.0,0.949,26843.0,0.186,Vertex,2023-10-15 12:24:38.753740
26812.0,0.186,26845.0,1.62,Vertex,2023-10-15 12:24:38.753740
26811.0,0.2,26847.0,13.037,Vertex,2023-10-15 12:24:38.753740
26808.0,0.558,26851.0,1.9,Vertex,2023-10-15 12:24:38.753740
26800.0,0.048,26855.0,0.204,Vertex,2023-10-15 12:24:38.753740
26799.0,6.707,26857.0,0.558,Vertex,2023-10-15 12:24:38.753740
26788.0,0.194,26874.0,0.253,Vertex,2023-10-15 12:24:38.753740
26601.0,0.01,26880.0,0.745,Vertex,2023-10-15 12:24:38.753740
26430.0,0.1,27260.0,0.04,Vertex,2023-10-15 12:24:38.753740
26244.0,0.01,27370.0,0.1,Vertex,2023-10-15 12:24:38.753740
26100.0,4.0,27400.0,0.723,Vertex,2023-10-15 12:24:38.753740
26031.0,0.015,27430.0,0.2,Vertex,2023-10-15 12:24:38.753740
25900.0,0.189,27450.0,0.055,Vertex,2023-10-15 12:24:38.753740
25891.0,0.106,27500.0,3.0,Vertex,2023-10-15 12:24:38.753740
25816.0,0.1,28273.0,0.013,Vertex,2023-10-15 12:24:38.753740
25785.0,0.02,28450.0,0.093,Vertex,2023-10-15 12:24:38.753740
25551.0,0.1,,,Vertex,2023-10-15 12:24:38.753740
25510.0,0.25,,,Vertex,2023-10-15 12:24:38.753740
25250.0,0.797,,,Vertex,2023-10-15 12:24:38.753740
25190.0,0.198,,,Vertex,2023-10-15 12:24:38.753740
26878.0,9.263,26879.0,1.937,Vertex,2023-10-15 13:14:28.136587
26874.0,1.937,26880.0,0.743,Vertex,2023-10-15 13:14:28.136587
26873.0,7.442,26881.0,1.86,Vertex,2023-10-15 13:14:28.136587
26867.0,13.025,26882.0,6.658,Vertex,2023-10-15 13:14:28.136587
26857.0,0.745,26885.0,1.62,Vertex,2023-10-15 13:14:28.136587
26850.0,0.2,26886.0,19.724,Vertex,2023-10-15 13:14:28.136587
26848.0,0.204,26889.0,0.185,Vertex,2023-10-15 13:14:28.136587
26847.0,6.708,26891.0,15.119,Vertex,2023-10-15 13:14:28.136587
26843.0,0.185,26893.0,0.01,Vertex,2023-10-15 13:14:28.136587
26840.0,0.557,26903.0,0.557,Vertex,2023-10-15 13:14:28.136587
26835.0,0.193,26917.0,0.745,Vertex,2023-10-15 13:14:28.136587
26800.0,0.048,26919.0,0.252,Vertex,2023-10-15 13:14:28.136587
26601.0,0.01,27260.0,0.04,Vertex,2023-10-15 13:14:28.136587
26430.0,0.1,27370.0,0.1,Vertex,2023-10-15 13:14:28.136587
26244.0,0.01,27400.0,0.723,Vertex,2023-10-15 13:14:28.136587
26100.0,4.0,27430.0,0.2,Vertex,2023-10-15 13:14:28.136587
26031.0,0.015,27450.0,0.055,Vertex,2023-10-15 13:14:28.136587
25900.0,0.189,27500.0,3.0,Vertex,2023-10-15 13:14:28.136587
25891.0,0.106,28273.0,0.013,Vertex,2023-10-15 13:14:28.136587
25816.0,0.1,28450.0,0.093,Vertex,2023-10-15 13:14:28.136587
25785.0,0.02,,,Vertex,2023-10-15 13:14:28.136587
25551.0,0.1,,,Vertex,2023-10-15 13:14:28.136587
25510.0,0.25,,,Vertex,2023-10-15 13:14:28.136587
25250.0,0.797,,,Vertex,2023-10-15 13:14:28.136587
25190.0,0.198,,,Vertex,2023-10-15 13:14:28.136587
26889.0,9.034,26890.0,0.01,Vertex,2023-10-15 14:11:22.307279
26887.0,1.858,26892.0,0.742,Vertex,2023-10-15 14:11:22.307279
26882.0,7.439,26894.0,1.858,Vertex,2023-10-15 14:11:22.307279
26877.0,13.022,26896.0,4.5,Vertex,2023-10-15 14:11:22.307279
26870.0,0.743,26897.0,3.717,Vertex,2023-10-15 14:11:22.307279
26865.0,0.2,26899.0,1.62,Vertex,2023-10-15 14:11:22.307279
26862.0,6.695,26900.0,2.119,Vertex,2023-10-15 14:11:22.307279
26861.0,0.204,26901.0,19.705,Vertex,2023-10-15 14:11:22.307279
26857.0,0.185,26905.0,1.9,Vertex,2023-10-15 14:11:22.307279
26854.0,0.557,26906.0,13.007,Vertex,2023-10-15 14:11:22.307279
26846.0,0.193,26914.0,0.557,Vertex,2023-10-15 14:11:22.307279
26800.0,0.048,26920.0,0.204,Vertex,2023-10-15 14:11:22.307279
26601.0,0.01,26930.0,0.252,Vertex,2023-10-15 14:11:22.307279
26430.0,0.1,26934.0,0.743,Vertex,2023-10-15 14:11:22.307279
26244.0,0.01,27260.0,0.04,Vertex,2023-10-15 14:11:22.307279
26100.0,4.0,27370.0,0.1,Vertex,2023-10-15 14:11:22.307279
26031.0,0.015,27400.0,0.723,Vertex,2023-10-15 14:11:22.307279
25900.0,0.189,27430.0,0.2,Vertex,2023-10-15 14:11:22.307279
25891.0,0.106,27450.0,0.055,Vertex,2023-10-15 14:11:22.307279
25816.0,0.1,27500.0,3.0,Vertex,2023-10-15 14:11:22.307279
25785.0,0.02,28273.0,0.013,Vertex,2023-10-15 14:11:22.307279
25551.0,0.1,28450.0,0.093,Vertex,2023-10-15 14:11:22.307279
25510.0,0.25,,,Vertex,2023-10-15 14:11:22.307279
25250.0,0.797,,,Vertex,2023-10-15 14:11:22.307279
25190.0,0.198,,,Vertex,2023-10-15 14:11:22.307279
26870.0,12.76,26874.0,0.743,Vertex,2023-10-15 15:12:21.611692
26866.0,7.443,26875.0,4.5,Vertex,2023-10-15 15:12:21.611692
26860.0,13.029,26876.0,1.86,Vertex,2023-10-15 15:12:21.611692
26858.0,3.0,26877.0,7.276,Vertex,2023-10-15 15:12:21.611692
26855.0,0.744,26879.0,0.186,Vertex,2023-10-15 15:12:21.611692
26853.0,0.204,26881.0,6.701,Vertex,2023-10-15 15:12:21.611692
26845.0,2.0,26882.0,7.44,Vertex,2023-10-15 15:12:21.611692
26844.0,0.2,26886.0,1.9,Vertex,2023-10-15 15:12:21.611692
26842.0,6.0,26888.0,13.016,Vertex,2023-10-15 15:12:21.611692
26839.0,15.883,26889.0,0.204,Vertex,2023-10-15 15:12:21.611692
26837.0,0.01,26897.0,0.558,Vertex,2023-10-15 15:12:21.611692
26835.0,0.558,26912.0,0.744,Vertex,2023-10-15 15:12:21.611692
26830.0,3.0,26914.0,0.252,Vertex,2023-10-15 15:12:21.611692
26827.0,0.193,27114.0,0.01,Vertex,2023-10-15 15:12:21.611692
26800.0,0.048,27260.0,0.04,Vertex,2023-10-15 15:12:21.611692
26601.0,0.01,27370.0,0.1,Vertex,2023-10-15 15:12:21.611692
26430.0,0.1,27400.0,0.723,Vertex,2023-10-15 15:12:21.611692
26244.0,0.01,27430.0,0.2,Vertex,2023-10-15 15:12:21.611692
26100.0,4.0,27450.0,0.055,Vertex,2023-10-15 15:12:21.611692
26031.0,0.015,27500.0,3.0,Vertex,2023-10-15 15:12:21.611692
25900.0,0.189,28273.0,0.013,Vertex,2023-10-15 15:12:21.611692
25891.0,0.106,28450.0,0.093,Vertex,2023-10-15 15:12:21.611692
25816.0,0.1,,,Vertex,2023-10-15 15:12:21.611692
25785.0,0.02,,,Vertex,2023-10-15 15:12:21.611692
25551.0,0.1,,,Vertex,2023-10-15 15:12:21.611692
26904.0,7.174,26905.0,12.674,Vertex,2023-10-15 16:16:00.477036
26903.0,1.858,26907.0,0.01,Vertex,2023-10-15 16:16:00.477036
26902.0,3.727,26908.0,9.364,Vertex,2023-10-15 16:16:00.477036
26897.0,7.434,26912.0,1.62,Vertex,2023-10-15 16:16:00.477036
26891.0,13.015,26914.0,13.003,Vertex,2023-10-15 16:16:00.477036
26884.0,0.743,26915.0,0.185,Vertex,2023-10-15 16:16:00.477036
26881.0,0.204,26919.0,1.9,Vertex,2023-10-15 16:16:00.477036
26877.0,0.2,26920.0,6.688,Vertex,2023-10-15 16:16:00.477036
26876.0,6.688,26929.0,0.557,Vertex,2023-10-15 16:16:00.477036
26874.0,0.185,26930.0,0.204,Vertex,2023-10-15 16:16:00.477036
26870.0,0.557,26942.0,0.743,Vertex,2023-10-15 16:16:00.477036
26860.0,0.193,26944.0,0.252,Vertex,2023-10-15 16:16:00.477036
26858.0,3.0,27214.0,0.093,Vertex,2023-10-15 16:16:00.477036
26845.0,2.0,27260.0,0.04,Vertex,2023-10-15 16:16:00.477036
26842.0,6.0,27370.0,0.1,Vertex,2023-10-15 16:16:00.477036
26839.0,9.0,27400.0,0.723,Vertex,2023-10-15 16:16:00.477036
26830.0,3.0,27430.0,0.2,Vertex,2023-10-15 16:16:00.477036
26800.0,0.048,27450.0,0.055,Vertex,2023-10-15 16:16:00.477036
26601.0,0.01,27500.0,3.0,Vertex,2023-10-15 16:16:00.477036
26430.0,0.1,28273.0,0.013,Vertex,2023-10-15 16:16:00.477036
26244.0,0.01,28450.0,0.093,Vertex,2023-10-15 16:16:00.477036
26100.0,4.0,,,Vertex,2023-10-15 16:16:00.477036
26031.0,0.015,,,Vertex,2023-10-15 16:16:00.477036
25900.0,0.189,,,Vertex,2023-10-15 16:16:00.477036
25891.0,0.106,,,Vertex,2023-10-15 16:16:00.477036
26935.0,7.097,26936.0,7.097,Vertex,2023-10-15 17:11:56.193988
26933.0,3.712,26937.0,3.712,Vertex,2023-10-15 17:11:56.193988
26932.0,1.931,26940.0,1.931,Vertex,2023-10-15 17:11:56.193988
26928.0,7.426,26941.0,9.043,Vertex,2023-10-15 17:11:56.193988
26921.0,13.0,26944.0,6.6850000000000005,Vertex,2023-10-15 17:11:56.193988
26920.0,0.742,26946.0,0.185,Vertex,2023-10-15 17:11:56.193988
26907.0,0.2,26947.0,12.987,Vertex,2023-10-15 17:11:56.193988
26906.0,0.204,26948.0,1.9,Vertex,2023-10-15 17:11:56.193988
26898.0,6.869,26957.0,0.204,Vertex,2023-10-15 17:11:56.193988
26896.0,0.01,26960.0,0.556,Vertex,2023-10-15 17:11:56.193988
26895.0,0.556,26976.0,0.252,Vertex,2023-10-15 17:11:56.193988
26891.0,0.193,26978.0,0.742,Vertex,2023-10-15 17:11:56.193988
26858.0,3.0,26982.0,0.01,Vertex,2023-10-15 17:11:56.193988
26845.0,2.0,27214.0,0.093,Vertex,2023-10-15 17:11:56.193988
26842.0,6.0,27260.0,0.04,Vertex,2023-10-15 17:11:56.193988
26839.0,9.0,27370.0,0.1,Vertex,2023-10-15 17:11:56.193988
26830.0,3.0,27400.0,0.723,Vertex,2023-10-15 17:11:56.193988
26800.0,0.048,27430.0,0.2,Vertex,2023-10-15 17:11:56.193988
26601.0,0.01,27450.0,0.055,Vertex,2023-10-15 17:11:56.193988
26430.0,0.1,27500.0,3.0,Vertex,2023-10-15 17:11:56.193988
26244.0,0.01,28273.0,0.013,Vertex,2023-10-15 17:11:56.193988
26100.0,4.0,28450.0,0.093,Vertex,2023-10-15 17:11:56.193988
26031.0,0.015,,,Vertex,2023-10-15 17:11:56.193988
25900.0,0.189,,,Vertex,2023-10-15 17:11:56.193988
25891.0,0.106,,,Vertex,2023-10-15 17:11:56.193988
26966.0,2.594,26967.0,9.032,Vertex,2023-10-15 18:16:38.966712
26965.0,8.282,26968.0,3.708,Vertex,2023-10-15 18:16:38.966712
26961.0,7.418,26973.0,7.413,Vertex,2023-10-15 18:16:38.966712
26953.0,12.984,26974.0,1.62,Vertex,2023-10-15 18:16:38.966712
26949.0,0.741,26977.0,0.185,Vertex,2023-10-15 18:16:38.966712
26944.0,6.874,26979.0,12.973,Vertex,2023-10-15 18:16:38.966712
26939.0,0.185,26982.0,1.9,Vertex,2023-10-15 18:16:38.966712
26937.0,0.2,26986.0,6.671,Vertex,2023-10-15 18:16:38.966712
26935.0,0.556,26991.0,0.556,Vertex,2023-10-15 18:16:38.966712
26924.0,0.193,26994.0,0.203,Vertex,2023-10-15 18:16:38.966712
26858.0,3.0,27008.0,0.251,Vertex,2023-10-15 18:16:38.966712
26845.0,2.0,27020.0,0.741,Vertex,2023-10-15 18:16:38.966712
26842.0,6.0,27214.0,0.093,Vertex,2023-10-15 18:16:38.966712
26839.0,9.0,27370.0,0.1,Vertex,2023-10-15 18:16:38.966712
26830.0,3.0,27400.0,0.723,Vertex,2023-10-15 18:16:38.966712
26800.0,0.048,27430.0,0.2,Vertex,2023-10-15 18:16:38.966712
26601.0,0.01,27450.0,0.055,Vertex,2023-10-15 18:16:38.966712
26430.0,0.1,27500.0,3.0,Vertex,2023-10-15 18:16:38.966712
26244.0,0.01,28273.0,0.013,Vertex,2023-10-15 18:16:38.966712
26100.0,4.0,28450.0,0.093,Vertex,2023-10-15 18:16:38.966712
26031.0,0.015,,,Vertex,2023-10-15 18:16:38.966712
25900.0,0.189,,,Vertex,2023-10-15 18:16:38.966712
25891.0,0.106,,,Vertex,2023-10-15 18:16:38.966712
25816.0,0.1,,,Vertex,2023-10-15 18:16:38.966712
25785.0,0.02,,,Vertex,2023-10-15 18:16:38.966712
27075.0,4.5,27076.0,7.083,Vertex,2023-10-15 19:10:16.646978
27074.0,0.737,27077.0,3.693,Vertex,2023-10-15 19:10:16.646978
27073.0,3.766,27078.0,1.92,Vertex,2023-10-15 19:10:16.646978
27071.0,3.693,27081.0,7.384,Vertex,2023-10-15 19:10:16.646978
27066.0,7.389,27084.0,1.62,Vertex,2023-10-15 19:10:16.646978
27063.0,0.738,27086.0,0.184,Vertex,2023-10-15 19:10:16.646978
27058.0,13.138,27087.0,6.647,Vertex,2023-10-15 19:10:16.646978
27050.0,0.2,27088.0,12.919,Vertex,2023-10-15 19:10:16.646978
27046.0,6.647,27092.0,1.9,Vertex,2023-10-15 19:10:16.646978
27044.0,0.184,27100.0,0.553,Vertex,2023-10-15 19:10:16.646978
27042.0,0.184,27104.0,0.203,Vertex,2023-10-15 19:10:16.646978
27041.0,0.553,27117.0,0.25,Vertex,2023-10-15 19:10:16.646978
27032.0,0.192,27126.0,0.738,Vertex,2023-10-15 19:10:16.646978
26858.0,3.0,27214.0,0.093,Vertex,2023-10-15 19:10:16.646978
26845.0,2.0,27267.0,0.01,Vertex,2023-10-15 19:10:16.646978
26842.0,6.0,27370.0,0.1,Vertex,2023-10-15 19:10:16.646978
26839.0,9.0,27400.0,0.723,Vertex,2023-10-15 19:10:16.646978
26830.0,3.0,27430.0,0.2,Vertex,2023-10-15 19:10:16.646978
26800.0,0.048,27450.0,0.055,Vertex,2023-10-15 19:10:16.646978
26601.0,0.01,27700.0,3.0,Vertex,2023-10-15 19:10:16.646978
26430.0,0.1,28273.0,0.013,Vertex,2023-10-15 19:10:16.646978
26244.0,0.01,28450.0,0.093,Vertex,2023-10-15 19:10:16.646978
26100.0,4.0,,,Vertex,2023-10-15 19:10:16.646978
26031.0,0.015,,,Vertex,2023-10-15 19:10:16.646978
25900.0,0.189,,,Vertex,2023-10-15 19:10:16.646978
27026.0,4.589,27027.0,6.439,Vertex,2023-10-15 20:13:25.149849
27025.0,3.773,27028.0,3.698,Vertex,2023-10-15 20:13:25.149849
27024.0,3.71,27029.0,1.933,Vertex,2023-10-15 20:13:25.149849
27019.0,7.4,27032.0,9.017,Vertex,2023-10-15 20:13:25.149849
27013.0,0.739,27037.0,0.184,Vertex,2023-10-15 20:13:25.149849
27012.0,12.955,27038.0,12.945,Vertex,2023-10-15 20:13:25.149849
26998.0,0.587,27040.0,6.658,Vertex,2023-10-15 20:13:25.149849
26996.0,6.842,27042.0,1.9,Vertex,2023-10-15 20:13:25.149849
26995.0,0.554,27051.0,0.554,Vertex,2023-10-15 20:13:25.149849
26983.0,0.192,27053.0,0.203,Vertex,2023-10-15 20:13:25.149849
26858.0,3.0,27067.0,0.251,Vertex,2023-10-15 20:13:25.149849
26845.0,2.0,27073.0,0.739,Vertex,2023-10-15 20:13:25.149849
26842.0,6.0,27214.0,0.093,Vertex,2023-10-15 20:13:25.149849
26839.0,9.0,27370.0,0.1,Vertex,2023-10-15 20:13:25.149849
26830.0,3.0,27400.0,0.723,Vertex,2023-10-15 20:13:25.149849
26800.0,0.048,27430.0,0.2,Vertex,2023-10-15 20:13:25.149849
26601.0,0.01,27450.0,0.055,Vertex,2023-10-15 20:13:25.149849
26430.0,0.1,27700.0,3.0,Vertex,2023-10-15 20:13:25.149849
26244.0,0.01,28273.0,0.013,Vertex,2023-10-15 20:13:25.149849
26100.0,4.0,28450.0,0.093,Vertex,2023-10-15 20:13:25.149849
26031.0,0.015,,,Vertex,2023-10-15 20:13:25.149849
25900.0,0.189,,,Vertex,2023-10-15 20:13:25.149849
25891.0,0.106,,,Vertex,2023-10-15 20:13:25.149849
25816.0,0.1,,,Vertex,2023-10-15 20:13:25.149849
25785.0,0.02,,,Vertex,2023-10-15 20:13:25.149849
27116.0,4.5,27117.0,4.5,Vertex,2023-10-15 21:11:17.496637
27114.0,0.84,27119.0,1.916,Vertex,2023-10-15 21:11:17.496637
27113.0,3.76,27123.0,0.736,Vertex,2023-10-15 21:11:17.496637
27109.0,0.84,27126.0,6.632,Vertex,2023-10-15 21:11:17.496637
27104.0,7.378,27127.0,3.869,Vertex,2023-10-15 21:11:17.496637
27101.0,0.19,27128.0,0.71,Vertex,2023-10-15 21:11:17.496637
27091.0,12.919,27130.0,3.685,Vertex,2023-10-15 21:11:17.496637
27090.0,6.632,27132.0,0.202,Vertex,2023-10-15 21:11:17.496637
27087.0,0.736,27136.0,8.24,Vertex,2023-10-15 21:11:17.496637
27086.0,0.202,27139.0,0.553,Vertex,2023-10-15 21:11:17.496637
27083.0,0.184,27141.0,12.896,Vertex,2023-10-15 21:11:17.496637
27081.0,0.553,27144.0,0.19,Vertex,2023-10-15 21:11:17.496637
27073.0,0.192,27149.0,0.736,Vertex,2023-10-15 21:11:17.496637
26913.0,0.01,27157.0,0.25,Vertex,2023-10-15 21:11:17.496637
26881.0,0.025,27370.0,0.1,Vertex,2023-10-15 21:11:17.496637
26858.0,3.0,27400.0,0.723,Vertex,2023-10-15 21:11:17.496637
26845.0,2.0,27430.0,0.2,Vertex,2023-10-15 21:11:17.496637
26842.0,6.0,27450.0,0.055,Vertex,2023-10-15 21:11:17.496637
26839.0,9.0,27700.0,3.0,Vertex,2023-10-15 21:11:17.496637
26830.0,3.0,28273.0,0.013,Vertex,2023-10-15 21:11:17.496637
26800.0,0.048,28450.0,0.093,Vertex,2023-10-15 21:11:17.496637
26601.0,0.01,,,Vertex,2023-10-15 21:11:17.496637
26430.0,0.1,,,Vertex,2023-10-15 21:11:17.496637
26244.0,0.01,,,Vertex,2023-10-15 21:11:17.496637
26031.0,0.015,,,Vertex,2023-10-15 21:11:17.496637
27271.0,1.906,27273.0,4.49,Vertex,2023-10-15 22:12:10.577196
27269.0,0.732,27275.0,1.906,Vertex,2023-10-15 22:12:10.577196
27268.0,5.33,27276.0,0.732,Vertex,2023-10-15 22:12:10.577196
27263.0,0.19,27284.0,1.832,Vertex,2023-10-15 22:12:10.577196
27262.0,3.668,27289.0,4.374,Vertex,2023-10-15 22:12:10.577196
27258.0,3.668,27291.0,0.201,Vertex,2023-10-15 22:12:10.577196
27257.0,0.98,27294.0,6.6,Vertex,2023-10-15 22:12:10.577196
27254.0,0.733,27295.0,7.326,Vertex,2023-10-15 22:12:10.577196
27253.0,19.442,27300.0,0.87,Vertex,2023-10-15 22:12:10.577196
27246.0,0.201,27302.0,0.01,Vertex,2023-10-15 22:12:10.577196
27245.0,12.845,27304.0,0.733,Vertex,2023-10-15 22:12:10.577196
27244.0,0.549,27307.0,0.19,Vertex,2023-10-15 22:12:10.577196
27231.0,0.19,27311.0,12.814,Vertex,2023-10-15 22:12:10.577196
27097.0,0.01,27316.0,0.248,Vertex,2023-10-15 22:12:10.577196
26881.0,0.025,27340.0,0.171,Vertex,2023-10-15 22:12:10.577196
26858.0,3.0,27370.0,0.1,Vertex,2023-10-15 22:12:10.577196
26845.0,2.0,27400.0,0.723,Vertex,2023-10-15 22:12:10.577196
26842.0,6.0,27450.0,0.01,Vertex,2023-10-15 22:12:10.577196
26839.0,9.0,27499.0,0.1,Vertex,2023-10-15 22:12:10.577196
26830.0,3.0,27700.0,3.0,Vertex,2023-10-15 22:12:10.577196
26800.0,0.048,28273.0,0.013,Vertex,2023-10-15 22:12:10.577196
26601.0,0.01,28450.0,0.093,Vertex,2023-10-15 22:12:10.577196
26430.0,0.1,,,Vertex,2023-10-15 22:12:10.577196
26244.0,0.01,,,Vertex,2023-10-15 22:12:10.577196
26031.0,0.015,,,Vertex,2023-10-15 22:12:10.577196
27059.0,1.92,27060.0,4.148,Vertex,2023-10-15 23:13:12.372307
27057.0,3.41,27065.0,1.92,Vertex,2023-10-15 23:13:12.372307
27055.0,0.738,27066.0,1.846,Vertex,2023-10-15 23:13:12.372307
27048.0,1.848,27070.0,3.877,Vertex,2023-10-15 23:13:12.372307
27044.0,3.697,27078.0,6.85,Vertex,2023-10-15 23:13:12.372307
27036.0,6.647,27080.0,12.925,Vertex,2023-10-15 23:13:12.372307
27032.0,7.397,27081.0,0.738,Vertex,2023-10-15 23:13:12.372307
27024.0,13.154,27084.0,0.554,Vertex,2023-10-15 23:13:12.372307
27022.0,0.738,27091.0,12.919,Vertex,2023-10-15 23:13:12.372307
27018.0,0.184,27100.0,0.25,Vertex,2023-10-15 23:13:12.372307
27017.0,0.05,27370.0,0.1,Vertex,2023-10-15 23:13:12.372307
27016.0,0.192,27400.0,0.723,Vertex,2023-10-15 23:13:12.372307
27015.0,0.554,27450.0,0.01,Vertex,2023-10-15 23:13:12.372307
26881.0,0.025,27499.0,0.1,Vertex,2023-10-15 23:13:12.372307
26858.0,3.0,27700.0,3.0,Vertex,2023-10-15 23:13:12.372307
26845.0,2.0,28273.0,0.013,Vertex,2023-10-15 23:13:12.372307
26842.0,6.0,28450.0,0.093,Vertex,2023-10-15 23:13:12.372307
26839.0,9.0,,,Vertex,2023-10-15 23:13:12.372307
26830.0,3.0,,,Vertex,2023-10-15 23:13:12.372307
26800.0,0.048,,,Vertex,2023-10-15 23:13:12.372307
26601.0,0.01,,,Vertex,2023-10-15 23:13:12.372307
26591.0,0.01,,,Vertex,2023-10-15 23:13:12.372307
26430.0,0.1,,,Vertex,2023-10-15 23:13:12.372307
26244.0,0.01,,,Vertex,2023-10-15 23:13:12.372307
26031.0,0.015,,,Vertex,2023-10-15 23:13:12.372307
27146.0,4.095,27147.0,5.9350000000000005,Vertex,2023-10-16 01:01:40.501456
27145.0,1.84,27148.0,1.915,Vertex,2023-10-16 01:01:40.501456
27144.0,5.599,27149.0,3.682,Vertex,2023-10-16 01:01:40.501456
27140.0,7.368,27154.0,7.365,Vertex,2023-10-16 01:01:40.501456
27136.0,1.01,27158.0,0.184,Vertex,2023-10-16 01:01:40.501456
27131.0,12.9,27162.0,12.884,Vertex,2023-10-16 01:01:40.501456
27125.0,1.01,27165.0,6.631,Vertex,2023-10-16 01:01:40.501456
27122.0,6.833,27170.0,0.202,Vertex,2023-10-16 01:01:40.501456
27121.0,0.736,27171.0,0.552,Vertex,2023-10-16 01:01:40.501456
27112.0,0.184,27179.0,0.736,Vertex,2023-10-16 01:01:40.501456
27110.0,0.11,27187.0,0.25,Vertex,2023-10-16 01:01:40.501456
27109.0,0.552,27200.0,0.4,Vertex,2023-10-16 01:01:40.501456
27103.0,0.191,27370.0,0.1,Vertex,2023-10-16 01:01:40.501456
27100.0,0.04,27400.0,0.723,Vertex,2023-10-16 01:01:40.501456
26881.0,0.025,27420.0,0.01,Vertex,2023-10-16 01:01:40.501456
26858.0,3.0,27450.0,0.01,Vertex,2023-10-16 01:01:40.501456
26845.0,2.0,27499.0,0.1,Vertex,2023-10-16 01:01:40.501456
26842.0,6.0,27700.0,3.0,Vertex,2023-10-16 01:01:40.501456
26839.0,9.0,28273.0,0.013,Vertex,2023-10-16 01:01:40.501456
26830.0,3.0,28450.0,0.093,Vertex,2023-10-16 01:01:40.501456
26800.0,0.048,,,Vertex,2023-10-16 01:01:40.501456
26601.0,0.01,,,Vertex,2023-10-16 01:01:40.501456
26430.0,0.1,,,Vertex,2023-10-16 01:01:40.501456
26244.0,0.01,,,Vertex,2023-10-16 01:01:40.501456
26031.0,0.015,,,Vertex,2023-10-16 01:01:40.501456
27250.0,4.5,27251.0,7.066,Vertex,2023-10-16 02:22:49.034260
27249.0,0.732,27252.0,1.908,Vertex,2023-10-16 02:22:49.034260
27248.0,1.834,27253.0,3.669,Vertex,2023-10-16 02:22:49.034260
27246.0,5.577,27256.0,7.336,Vertex,2023-10-16 02:22:49.034260
27243.0,0.86,27261.0,0.183,Vertex,2023-10-16 02:22:49.034260
27240.0,7.341,27263.0,12.837,Vertex,2023-10-16 02:22:49.034260
27235.0,1.01,27264.0,0.201,Vertex,2023-10-16 02:22:49.034260
27234.0,12.851,27267.0,6.607,Vertex,2023-10-16 02:22:49.034260
27229.0,7.341,27276.0,0.55,Vertex,2023-10-16 02:22:49.034260
27222.0,0.201,27281.0,0.734,Vertex,2023-10-16 02:22:49.034260
27218.0,0.183,27291.0,0.249,Vertex,2023-10-16 02:22:49.034260
27216.0,0.13,27305.0,0.4,Vertex,2023-10-16 02:22:49.034260
27215.0,0.55,27315.0,0.01,Vertex,2023-10-16 02:22:49.034260
27207.0,0.191,27370.0,0.1,Vertex,2023-10-16 02:22:49.034260
27100.0,0.04,27400.0,0.723,Vertex,2023-10-16 02:22:49.034260
26881.0,0.025,27499.0,0.1,Vertex,2023-10-16 02:22:49.034260
26858.0,3.0,27550.0,0.01,Vertex,2023-10-16 02:22:49.034260
26845.0,2.0,27700.0,3.0,Vertex,2023-10-16 02:22:49.034260
26842.0,6.0,27800.0,0.5,Vertex,2023-10-16 02:22:49.034260
26839.0,9.0,28273.0,0.013,Vertex,2023-10-16 02:22:49.034260
26830.0,3.0,28450.0,0.093,Vertex,2023-10-16 02:22:49.034260
26601.0,0.01,,,Vertex,2023-10-16 02:22:49.034260
26430.0,0.1,,,Vertex,2023-10-16 02:22:49.034260
26244.0,0.01,,,Vertex,2023-10-16 02:22:49.034260
26031.0,0.015,,,Vertex,2023-10-16 02:22:49.034260
27169.0,0.01,27170.0,10.115,Vertex,2023-10-16 03:14:33.548446
27167.0,2.648,27172.0,1.913,Vertex,2023-10-16 03:14:33.548446
27166.0,1.84,27174.0,7.36,Vertex,2023-10-16 03:14:33.548446
27165.0,3.681,27180.0,0.184,Vertex,2023-10-16 03:14:33.548446
27164.0,3.86,27182.0,12.875,Vertex,2023-10-16 03:14:33.548446
27162.0,0.86,27187.0,6.821,Vertex,2023-10-16 03:14:33.548446
27160.0,7.362999999999999,27189.0,0.736,Vertex,2023-10-16 03:14:33.548446
27157.0,12.887,27192.0,0.19,Vertex,2023-10-16 03:14:33.548446
27155.0,1.01,27194.0,0.552,Vertex,2023-10-16 03:14:33.548446
27149.0,0.19,27211.0,0.249,Vertex,2023-10-16 03:14:33.548446
27141.0,0.937,27223.0,0.4,Vertex,2023-10-16 03:14:33.548446
27140.0,6.619,27370.0,0.1,Vertex,2023-10-16 03:14:33.548446
27131.0,0.184,27400.0,0.723,Vertex,2023-10-16 03:14:33.548446
27129.0,0.1,27499.0,0.1,Vertex,2023-10-16 03:14:33.548446
27128.0,0.552,27550.0,0.01,Vertex,2023-10-16 03:14:33.548446
27126.0,0.191,27700.0,3.0,Vertex,2023-10-16 03:14:33.548446
27100.0,0.04,27800.0,0.5,Vertex,2023-10-16 03:14:33.548446
26881.0,0.025,28273.0,0.013,Vertex,2023-10-16 03:14:33.548446
26858.0,3.0,28450.0,0.093,Vertex,2023-10-16 03:14:33.548446
26845.0,2.0,,,Vertex,2023-10-16 03:14:33.548446
26842.0,6.0,,,Vertex,2023-10-16 03:14:33.548446
26839.0,9.0,,,Vertex,2023-10-16 03:14:33.548446
26830.0,3.0,,,Vertex,2023-10-16 03:14:33.548446
26601.0,0.01,,,Vertex,2023-10-16 03:14:33.548446
26430.0,0.1,,,Vertex,2023-10-16 03:14:33.548446
27224.0,2.642,27226.0,4.5,Vertex,2023-10-16 04:16:34.570648
27222.0,4.5,27228.0,0.733,Vertex,2023-10-16 04:16:34.570648
27221.0,1.836,27230.0,1.909,Vertex,2023-10-16 04:16:34.570648
27219.0,0.86,27233.0,1.836,Vertex,2023-10-16 04:16:34.570648
27218.0,3.673,27236.0,3.67,Vertex,2023-10-16 04:16:34.570648
27211.0,1.01,27237.0,0.183,Vertex,2023-10-16 04:16:34.570648
27210.0,0.01,27240.0,0.201,Vertex,2023-10-16 04:16:34.570648
27209.0,0.293,27241.0,7.341,Vertex,2023-10-16 04:16:34.570648
27205.0,6.606,27251.0,19.45,Vertex,2023-10-16 04:16:34.570648
27202.0,0.55,27252.0,0.55,Vertex,2023-10-16 04:16:34.570648
27199.0,0.935,27261.0,0.734,Vertex,2023-10-16 04:16:34.570648
27181.0,0.191,27267.0,0.249,Vertex,2023-10-16 04:16:34.570648
27100.0,0.04,27282.0,0.4,Vertex,2023-10-16 04:16:34.570648
26881.0,0.025,27370.0,0.1,Vertex,2023-10-16 04:16:34.570648
26858.0,3.0,27400.0,0.723,Vertex,2023-10-16 04:16:34.570648
26845.0,2.0,27499.0,0.1,Vertex,2023-10-16 04:16:34.570648
26842.0,6.0,27550.0,0.01,Vertex,2023-10-16 04:16:34.570648
26839.0,9.0,27700.0,3.0,Vertex,2023-10-16 04:16:34.570648
26830.0,3.0,27800.0,0.5,Vertex,2023-10-16 04:16:34.570648
26601.0,0.01,28273.0,0.013,Vertex,2023-10-16 04:16:34.570648
26430.0,0.1,28450.0,0.093,Vertex,2023-10-16 04:16:34.570648
26244.0,0.01,,,Vertex,2023-10-16 04:16:34.570648
26031.0,0.015,,,Vertex,2023-10-16 04:16:34.570648
25900.0,0.189,,,Vertex,2023-10-16 04:16:34.570648
25891.0,0.106,,,Vertex,2023-10-16 04:16:34.570648
27279.0,4.862,27280.0,8.6,Vertex,2023-10-16 05:13:23.107544
27278.0,1.832,27281.0,3.665,Vertex,2023-10-16 05:13:23.107544
27276.0,3.738,27285.0,7.33,Vertex,2023-10-16 05:13:23.107544
27272.0,0.95,27287.0,0.01,Vertex,2023-10-16 05:13:23.107544
27271.0,7.333,27288.0,6.598,Vertex,2023-10-16 05:13:23.107544
27269.0,0.183,27289.0,0.201,Vertex,2023-10-16 05:13:23.107544
27265.0,1.01,27290.0,13.007,Vertex,2023-10-16 05:13:23.107544
27264.0,12.836,27297.0,0.733,Vertex,2023-10-16 05:13:23.107544
27254.0,0.549,27305.0,0.549,Vertex,2023-10-16 05:13:23.107544
27244.0,6.799,27320.0,0.248,Vertex,2023-10-16 05:13:23.107544
27236.0,0.19,27335.0,0.4,Vertex,2023-10-16 05:13:23.107544
27229.0,0.733,27370.0,0.1,Vertex,2023-10-16 05:13:23.107544
27197.0,0.01,27400.0,0.723,Vertex,2023-10-16 05:13:23.107544
27181.0,1.0,27499.0,0.1,Vertex,2023-10-16 05:13:23.107544
27100.0,0.04,27550.0,0.01,Vertex,2023-10-16 05:13:23.107544
27087.0,0.025,27700.0,3.0,Vertex,2023-10-16 05:13:23.107544
26858.0,3.0,27800.0,0.5,Vertex,2023-10-16 05:13:23.107544
26845.0,2.0,28273.0,0.013,Vertex,2023-10-16 05:13:23.107544
26842.0,6.0,28450.0,0.093,Vertex,2023-10-16 05:13:23.107544
26839.0,9.0,,,Vertex,2023-10-16 05:13:23.107544
26830.0,3.0,,,Vertex,2023-10-16 05:13:23.107544
26601.0,0.01,,,Vertex,2023-10-16 05:13:23.107544
26430.0,0.1,,,Vertex,2023-10-16 05:13:23.107544
26244.0,0.01,,,Vertex,2023-10-16 05:13:23.107544
26031.0,0.015,,,Vertex,2023-10-16 05:13:23.107544
27883.0,4.036,27884.0,5.18,Vertex,2023-10-16 06:19:14.684695
27882.0,1.86,27886.0,0.716,Vertex,2023-10-16 06:19:14.684695
27880.0,2.592,27887.0,1.014,Vertex,2023-10-16 06:19:14.684695
27878.0,3.587,27890.0,2.61,Vertex,2023-10-16 06:19:14.684695
27877.0,0.818,27893.0,3.584,Vertex,2023-10-16 06:19:14.684695
27874.0,0.818,27895.0,0.179,Vertex,2023-10-16 06:19:14.684695
27871.0,0.96,27899.0,7.168,Vertex,2023-10-16 06:19:14.684695
27869.0,7.176,27902.0,6.439,Vertex,2023-10-16 06:19:14.684695
27863.0,12.56,27906.0,0.715,Vertex,2023-10-16 06:19:14.684695
27860.0,6.439,27908.0,12.541,Vertex,2023-10-16 06:19:14.684695
27852.0,0.179,27909.0,0.448,Vertex,2023-10-16 06:19:14.684695
27850.0,0.44,27923.0,0.226,Vertex,2023-10-16 06:19:14.684695
27849.0,0.537,27936.0,0.01,Vertex,2023-10-16 06:19:14.684695
27842.0,0.203,27944.0,0.4,Vertex,2023-10-16 06:19:14.684695
27839.0,0.196,28000.0,0.031,Vertex,2023-10-16 06:19:14.684695
27833.0,0.715,28273.0,0.013,Vertex,2023-10-16 06:19:14.684695
27614.0,1.0,28450.0,0.093,Vertex,2023-10-16 06:19:14.684695
27504.0,1.0,,,Vertex,2023-10-16 06:19:14.684695
27100.0,0.04,,,Vertex,2023-10-16 06:19:14.684695
26858.0,3.0,,,Vertex,2023-10-16 06:19:14.684695
26845.0,2.0,,,Vertex,2023-10-16 06:19:14.684695
26842.0,6.0,,,Vertex,2023-10-16 06:19:14.684695
26839.0,9.0,,,Vertex,2023-10-16 06:19:14.684695
26830.0,3.0,,,Vertex,2023-10-16 06:19:14.684695
26601.0,0.01,,,Vertex,2023-10-16 06:19:14.684695
27853.0,0.717,27855.0,7.487999999999999,Vertex,2023-10-16 07:13:17.145310
27851.0,6.997,27857.0,3.588,Vertex,2023-10-16 07:13:17.145310
27850.0,3.11,27858.0,0.821,Vertex,2023-10-16 07:13:17.145310
27849.0,3.589,27859.0,7.189,Vertex,2023-10-16 07:13:17.145310
27845.0,0.831,27862.0,0.821,Vertex,2023-10-16 07:13:17.145310
27844.0,7.182,27865.0,0.376,Vertex,2023-10-16 07:13:17.145310
27843.0,0.87,27867.0,13.388,Vertex,2023-10-16 07:13:17.145310
27842.0,12.57,27873.0,7.182,Vertex,2023-10-16 07:13:17.145310
27827.0,6.464,27874.0,0.98,Vertex,2023-10-16 07:13:17.145310
27824.0,0.179,27880.0,0.45,Vertex,2023-10-16 07:13:17.145310
27822.0,0.179,27896.0,0.226,Vertex,2023-10-16 07:13:17.145310
27821.0,0.538,27924.0,1.0,Vertex,2023-10-16 07:13:17.145310
27818.0,0.197,28000.0,0.031,Vertex,2023-10-16 07:13:17.145310
27813.0,0.203,28273.0,0.013,Vertex,2023-10-16 07:13:17.145310
27808.0,0.718,28450.0,0.093,Vertex,2023-10-16 07:13:17.145310
27700.0,0.998,,,Vertex,2023-10-16 07:13:17.145310
27614.0,1.0,,,Vertex,2023-10-16 07:13:17.145310
27504.0,1.0,,,Vertex,2023-10-16 07:13:17.145310
27100.0,0.04,,,Vertex,2023-10-16 07:13:17.145310
26858.0,3.0,,,Vertex,2023-10-16 07:13:17.145310
26845.0,2.0,,,Vertex,2023-10-16 07:13:17.145310
26842.0,6.0,,,Vertex,2023-10-16 07:13:17.145310
26839.0,9.0,,,Vertex,2023-10-16 07:13:17.145310
26830.0,3.0,,,Vertex,2023-10-16 07:13:17.145310
26601.0,0.01,,,Vertex,2023-10-16 07:13:17.145310
27869.0,2.486,27870.0,3.403,Vertex,2023-10-16 08:18:31.675031
27866.0,3.66,27873.0,1.792,Vertex,2023-10-16 08:18:31.675031
27864.0,4.409,27874.0,2.613,Vertex,2023-10-16 08:18:31.675031
27861.0,0.821,27875.0,1.77,Vertex,2023-10-16 08:18:31.675031
27848.0,0.179,27876.0,0.179,Vertex,2023-10-16 08:18:31.675031
27847.0,6.462,27881.0,7.173,Vertex,2023-10-16 08:18:31.675031
27846.0,0.179,27885.0,0.197,Vertex,2023-10-16 08:18:31.675031
27842.0,0.537,27888.0,6.462,Vertex,2023-10-16 08:18:31.675031
27837.0,1.432,27889.0,13.408,Vertex,2023-10-16 08:18:31.675031
27834.0,0.718,27890.0,0.718,Vertex,2023-10-16 08:18:31.675031
27828.0,0.203,27894.0,0.449,Vertex,2023-10-16 08:18:31.675031
27822.0,0.4,27901.0,1.01,Vertex,2023-10-16 08:18:31.675031
27764.0,0.01,27910.0,0.226,Vertex,2023-10-16 08:18:31.675031
27700.0,0.998,27984.0,1.0,Vertex,2023-10-16 08:18:31.675031
27614.0,1.0,28000.0,0.031,Vertex,2023-10-16 08:18:31.675031
27504.0,1.0,28273.0,0.013,Vertex,2023-10-16 08:18:31.675031
27100.0,0.04,28450.0,0.093,Vertex,2023-10-16 08:18:31.675031
26601.0,0.01,,,Vertex,2023-10-16 08:18:31.675031
26430.0,0.1,,,Vertex,2023-10-16 08:18:31.675031
26244.0,0.01,,,Vertex,2023-10-16 08:18:31.675031
26031.0,0.015,,,Vertex,2023-10-16 08:18:31.675031
25900.0,0.189,,,Vertex,2023-10-16 08:18:31.675031
25891.0,0.106,,,Vertex,2023-10-16 08:18:31.675031
25816.0,0.1,,,Vertex,2023-10-16 08:18:31.675031
25785.0,0.02,,,Vertex,2023-10-16 08:18:31.675031
27684.0,2.08,27685.0,0.721,Vertex,2023-10-16 09:14:59.167810
27683.0,0.721,27688.0,3.681,Vertex,2023-10-16 09:14:59.167810
27682.0,2.702,27690.0,0.825,Vertex,2023-10-16 09:14:59.167810
27680.0,1.806,27691.0,5.691,Vertex,2023-10-16 09:14:59.167810
27678.0,3.612,27693.0,0.825,Vertex,2023-10-16 09:14:59.167810
27676.0,0.825,27695.0,7.221,Vertex,2023-10-16 09:14:59.167810
27673.0,0.18,27696.0,0.18,Vertex,2023-10-16 09:14:59.167810
27672.0,7.227,27698.0,0.198,Vertex,2023-10-16 09:14:59.167810
27665.0,12.65,27700.0,6.498,Vertex,2023-10-16 09:14:59.167810
27662.0,6.498,27701.0,0.86,Vertex,2023-10-16 09:14:59.167810
27659.0,0.541,27704.0,12.632,Vertex,2023-10-16 09:14:59.167810
27658.0,0.722,27709.0,1.01,Vertex,2023-10-16 09:14:59.167810
27648.0,0.198,27710.0,0.541,Vertex,2023-10-16 09:14:59.167810
27643.0,0.205,27712.0,0.722,Vertex,2023-10-16 09:14:59.167810
27639.0,0.4,27725.0,0.228,Vertex,2023-10-16 09:14:59.167810
27614.0,1.0,27984.0,1.0,Vertex,2023-10-16 09:14:59.167810
27504.0,1.0,28000.0,0.031,Vertex,2023-10-16 09:14:59.167810
27496.0,0.01,28273.0,0.013,Vertex,2023-10-16 09:14:59.167810
27400.0,1.0,28450.0,0.093,Vertex,2023-10-16 09:14:59.167810
27200.0,0.5,,,Vertex,2023-10-16 09:14:59.167810
27100.0,0.04,,,Vertex,2023-10-16 09:14:59.167810
26601.0,0.01,,,Vertex,2023-10-16 09:14:59.167810
26430.0,0.1,,,Vertex,2023-10-16 09:14:59.167810
26244.0,0.01,,,Vertex,2023-10-16 09:14:59.167810
26031.0,0.015,,,Vertex,2023-10-16 09:14:59.167810
27748.0,3.5,27749.0,6.019,Vertex,2023-10-16 10:15:29.996103
27747.0,0.719,27751.0,6.301,Vertex,2023-10-16 10:15:29.996103
27744.0,4.5,27755.0,0.18,Vertex,2023-10-16 10:15:29.996103
27742.0,3.604,27757.0,8.029,Vertex,2023-10-16 10:15:29.996103
27740.0,1.004,27760.0,0.198,Vertex,2023-10-16 10:15:29.996103
27736.0,7.209,27761.0,0.86,Vertex,2023-10-16 10:15:29.996103
27728.0,12.621,27764.0,12.605,Vertex,2023-10-16 10:15:29.996103
27727.0,6.486,27767.0,1.01,Vertex,2023-10-16 10:15:29.996103
27723.0,0.54,27768.0,0.72,Vertex,2023-10-16 10:15:29.996103
27719.0,0.198,27774.0,7.026,Vertex,2023-10-16 10:15:29.996103
27716.0,0.72,27789.0,0.227,Vertex,2023-10-16 10:15:29.996103
27707.0,0.204,27984.0,1.0,Vertex,2023-10-16 10:15:29.996103
27699.0,0.4,28000.0,0.031,Vertex,2023-10-16 10:15:29.996103
27684.0,0.01,28273.0,0.013,Vertex,2023-10-16 10:15:29.996103
27636.0,0.122,28350.0,0.012,Vertex,2023-10-16 10:15:29.996103
27614.0,1.0,28450.0,0.093,Vertex,2023-10-16 10:15:29.996103
27600.0,0.492,,,Vertex,2023-10-16 10:15:29.996103
27504.0,1.0,,,Vertex,2023-10-16 10:15:29.996103
27400.0,1.0,,,Vertex,2023-10-16 10:15:29.996103
27200.0,0.5,,,Vertex,2023-10-16 10:15:29.996103
27100.0,0.04,,,Vertex,2023-10-16 10:15:29.996103
26601.0,0.01,,,Vertex,2023-10-16 10:15:29.996103
26430.0,0.1,,,Vertex,2023-10-16 10:15:29.996103
26244.0,0.01,,,Vertex,2023-10-16 10:15:29.996103
26031.0,0.015,,,Vertex,2023-10-16 10:15:29.996103
27749.0,1.873,27750.0,6.122,Vertex,2023-10-16 11:12:08.906345
27748.0,0.719,27751.0,3.5,Vertex,2023-10-16 11:12:08.906345
27747.0,2.624,27752.0,1.873,Vertex,2023-10-16 11:12:08.906345
27746.0,7.104,27755.0,7.206,Vertex,2023-10-16 11:12:08.906345
27743.0,1.004,27756.0,1.004,Vertex,2023-10-16 11:12:08.906345
27742.0,7.208,27761.0,0.824,Vertex,2023-10-16 11:12:08.906345
27736.0,12.618,27762.0,13.466,Vertex,2023-10-16 11:12:08.906345
27729.0,6.484,27764.0,0.198,Vertex,2023-10-16 11:12:08.906345
27724.0,0.54,27768.0,1.01,Vertex,2023-10-16 11:12:08.906345
27716.0,0.198,27769.0,0.72,Vertex,2023-10-16 11:12:08.906345
27715.0,0.72,27771.0,6.481,Vertex,2023-10-16 11:12:08.906345
27708.0,0.204,27775.0,0.54,Vertex,2023-10-16 11:12:08.906345
27699.0,0.4,27790.0,0.227,Vertex,2023-10-16 11:12:08.906345
27636.0,0.122,27984.0,1.0,Vertex,2023-10-16 11:12:08.906345
27614.0,1.0,28000.0,0.031,Vertex,2023-10-16 11:12:08.906345
27600.0,0.492,28273.0,0.013,Vertex,2023-10-16 11:12:08.906345
27504.0,1.0,28350.0,0.012,Vertex,2023-10-16 11:12:08.906345
27400.0,1.0,28450.0,0.093,Vertex,2023-10-16 11:12:08.906345
27200.0,0.5,,,Vertex,2023-10-16 11:12:08.906345
26601.0,0.01,,,Vertex,2023-10-16 11:12:08.906345
26430.0,0.1,,,Vertex,2023-10-16 11:12:08.906345
26244.0,0.01,,,Vertex,2023-10-16 11:12:08.906345
26031.0,0.015,,,Vertex,2023-10-16 11:12:08.906345
25900.0,0.189,,,Vertex,2023-10-16 11:12:08.906345
25891.0,0.106,,,Vertex,2023-10-16 11:12:08.906345
27794.0,3.678,27795.0,3.678,Vertex,2023-10-16 12:28:04.732309
27793.0,1.798,27796.0,3.668,Vertex,2023-10-16 12:28:04.732309
27791.0,3.597,27797.0,0.822,Vertex,2023-10-16 12:28:04.732309
27790.0,2.692,27798.0,1.798,Vertex,2023-10-16 12:28:04.732309
27787.0,0.822,27801.0,0.822,Vertex,2023-10-16 12:28:04.732309
27786.0,7.197,27803.0,7.192,Vertex,2023-10-16 12:28:04.732309
27783.0,0.179,27805.0,0.86,Vertex,2023-10-16 12:28:04.732309
27780.0,12.598,27806.0,0.179,Vertex,2023-10-16 12:28:04.732309
27774.0,6.474,27810.0,12.585,Vertex,2023-10-16 12:28:04.732309
27769.0,0.539,27811.0,1.207,Vertex,2023-10-16 12:28:04.732309
27761.0,0.916,27817.0,0.719,Vertex,2023-10-16 12:28:04.732309
27753.0,0.204,27818.0,6.474,Vertex,2023-10-16 12:28:04.732309
27742.0,0.4,27820.0,0.539,Vertex,2023-10-16 12:28:04.732309
27721.0,0.01,27830.0,0.01,Vertex,2023-10-16 12:28:04.732309
27636.0,0.122,27835.0,0.227,Vertex,2023-10-16 12:28:04.732309
27614.0,1.0,27984.0,1.0,Vertex,2023-10-16 12:28:04.732309
27600.0,0.492,28000.0,0.031,Vertex,2023-10-16 12:28:04.732309
27504.0,1.0,28273.0,0.013,Vertex,2023-10-16 12:28:04.732309
27400.0,1.0,28350.0,0.012,Vertex,2023-10-16 12:28:04.732309
27200.0,0.5,28414.0,0.07,Vertex,2023-10-16 12:28:04.732309
26601.0,0.01,28450.0,0.093,Vertex,2023-10-16 12:28:04.732309
26430.0,0.1,,,Vertex,2023-10-16 12:28:04.732309
26244.0,0.01,,,Vertex,2023-10-16 12:28:04.732309
26031.0,0.015,,,Vertex,2023-10-16 12:28:04.732309
25900.0,0.189,,,Vertex,2023-10-16 12:28:04.732309
27913.0,7.786,27914.0,5.351,Vertex,2023-10-16 13:18:28.090500
27911.0,4.399,27915.0,0.715,Vertex,2023-10-16 13:18:28.090500
27910.0,1.861,27916.0,1.79,Vertex,2023-10-16 13:18:28.090500
27907.0,0.818,27917.0,0.818,Vertex,2023-10-16 13:18:28.090500
27906.0,7.166,27918.0,3.58,Vertex,2023-10-16 13:18:28.090500
27902.0,12.721,27919.0,0.86,Vertex,2023-10-16 13:18:28.090500
27896.0,6.444,27921.0,0.818,Vertex,2023-10-16 13:18:28.090500
27888.0,0.537,27924.0,7.161,Vertex,2023-10-16 13:18:28.090500
27880.0,0.912,27925.0,0.179,Vertex,2023-10-16 13:18:28.090500
27872.0,0.203,27927.0,1.01,Vertex,2023-10-16 13:18:28.090500
27856.0,0.4,27930.0,0.196,Vertex,2023-10-16 13:18:28.090500
27636.0,0.122,27931.0,18.975,Vertex,2023-10-16 13:18:28.090500
27614.0,1.0,27939.0,0.537,Vertex,2023-10-16 13:18:28.090500
27600.0,0.492,27940.0,0.716,Vertex,2023-10-16 13:18:28.090500
27504.0,1.0,27948.0,0.01,Vertex,2023-10-16 13:18:28.090500
27400.0,1.0,27954.0,0.226,Vertex,2023-10-16 13:18:28.090500
27200.0,0.5,27984.0,1.0,Vertex,2023-10-16 13:18:28.090500
26601.0,0.01,28000.0,0.031,Vertex,2023-10-16 13:18:28.090500
26430.0,0.1,28273.0,0.013,Vertex,2023-10-16 13:18:28.090500
26244.0,0.01,28350.0,0.012,Vertex,2023-10-16 13:18:28.090500
26031.0,0.015,28414.0,0.07,Vertex,2023-10-16 13:18:28.090500
25900.0,0.189,28450.0,0.093,Vertex,2023-10-16 13:18:28.090500
25891.0,0.106,,,Vertex,2023-10-16 13:18:28.090500
25816.0,0.1,,,Vertex,2023-10-16 13:18:28.090500
25785.0,0.02,,,Vertex,2023-10-16 13:18:28.090500
28158.0,0.813,28159.0,5.023,Vertex,2023-10-16 15:14:39.646373
28156.0,0.709,28161.0,3.551,Vertex,2023-10-16 15:14:39.646373
28154.0,1.774,28163.0,1.313,Vertex,2023-10-16 15:14:39.646373
28153.0,1.193,28166.0,7.912,Vertex,2023-10-16 15:14:39.646373
28152.0,5.712,28170.0,0.177,Vertex,2023-10-16 15:14:39.646373
28151.0,0.5,28174.0,6.397,Vertex,2023-10-16 15:14:39.646373
28148.0,1.055,28175.0,12.422,Vertex,2023-10-16 15:14:39.646373
28147.0,0.177,28184.0,0.513,Vertex,2023-10-16 15:14:39.646373
28146.0,12.435,28193.0,0.01,Vertex,2023-10-16 15:14:39.646373
28140.0,1.01,28200.0,0.422,Vertex,2023-10-16 15:14:39.646373
28139.0,12.438,28212.0,0.3,Vertex,2023-10-16 15:14:39.646373
28133.0,0.532,28300.0,0.01,Vertex,2023-10-16 15:14:39.646373
28128.0,6.397,28500.0,0.12,Vertex,2023-10-16 15:14:39.646373
28117.0,0.198,28884.0,1.0,Vertex,2023-10-16 15:14:39.646373
28029.0,0.01,29000.0,0.2,Vertex,2023-10-16 15:14:39.646373
27842.0,0.01,29084.0,1.0,Vertex,2023-10-16 15:14:39.646373
27614.0,1.0,29200.0,0.034,Vertex,2023-10-16 15:14:39.646373
27504.0,1.0,29244.0,1.0,Vertex,2023-10-16 15:14:39.646373
26601.0,0.01,29484.0,1.0,Vertex,2023-10-16 15:14:39.646373
26430.0,0.1,29684.0,1.0,Vertex,2023-10-16 15:14:39.646373
26244.0,0.01,29884.0,1.0,Vertex,2023-10-16 15:14:39.646373
26031.0,0.015,29950.0,0.2,Vertex,2023-10-16 15:14:39.646373
25900.0,0.189,,,Vertex,2023-10-16 15:14:39.646373
25816.0,0.1,,,Vertex,2023-10-16 15:14:39.646373
25785.0,0.02,,,Vertex,2023-10-16 15:14:39.646373
28157.0,2.71,28158.0,2.71,Vertex,2023-10-16 16:18:45.115198
28155.0,3.551,28161.0,0.709,Vertex,2023-10-16 16:18:45.115198
28154.0,0.811,28162.0,0.811,Vertex,2023-10-16 16:18:45.115198
28153.0,2.3,28164.0,1.774,Vertex,2023-10-16 16:18:45.115198
28152.0,0.53,28166.0,4.36,Vertex,2023-10-16 16:18:45.115198
28150.0,0.811,28169.0,0.177,Vertex,2023-10-16 16:18:45.115198
28147.0,0.04,28172.0,7.099,Vertex,2023-10-16 16:18:45.115198
28146.0,0.177,28179.0,12.419,Vertex,2023-10-16 16:18:45.115198
28145.0,12.435,28182.0,6.389,Vertex,2023-10-16 16:18:45.115198
28143.0,1.205,28183.0,0.532,Vertex,2023-10-16 16:18:45.115198
28134.0,1.01,28191.0,0.195,Vertex,2023-10-16 16:18:45.115198
28132.0,6.921,28200.0,0.227,Vertex,2023-10-16 16:18:45.115198
28115.0,0.198,28209.0,0.3,Vertex,2023-10-16 16:18:45.115198
27842.0,0.01,28212.0,0.3,Vertex,2023-10-16 16:18:45.115198
27645.0,0.01,28300.0,0.01,Vertex,2023-10-16 16:18:45.115198
27614.0,1.0,28500.0,0.12,Vertex,2023-10-16 16:18:45.115198
27504.0,1.0,28884.0,1.0,Vertex,2023-10-16 16:18:45.115198
26601.0,0.01,29000.0,0.2,Vertex,2023-10-16 16:18:45.115198
26430.0,0.1,29084.0,1.0,Vertex,2023-10-16 16:18:45.115198
26244.0,0.01,29200.0,0.034,Vertex,2023-10-16 16:18:45.115198
26031.0,0.015,29244.0,1.0,Vertex,2023-10-16 16:18:45.115198
25900.0,0.189,29484.0,1.0,Vertex,2023-10-16 16:18:45.115198
25816.0,0.1,29684.0,1.0,Vertex,2023-10-16 16:18:45.115198
25785.0,0.02,29884.0,1.0,Vertex,2023-10-16 16:18:45.115198
25551.0,0.1,29950.0,0.2,Vertex,2023-10-16 16:18:45.115198
28234.0,2.37,28235.0,3.077,Vertex,2023-10-16 17:12:44.658317
28233.0,0.707,28239.0,2.581,Vertex,2023-10-16 17:12:44.658317
28230.0,0.811,28240.0,0.46,Vertex,2023-10-16 17:12:44.658317
28228.0,1.77,28241.0,0.177,Vertex,2023-10-16 17:12:44.658317
28227.0,0.46,28242.0,3.54,Vertex,2023-10-16 17:12:44.658317
28226.0,0.811,28249.0,7.08,Vertex,2023-10-16 17:12:44.658317
28225.0,3.541,28250.0,6.386,Vertex,2023-10-16 17:12:44.658317
28220.0,0.195,28259.0,12.384,Vertex,2023-10-16 17:12:44.658317
28219.0,7.263,28260.0,0.531,Vertex,2023-10-16 17:12:44.658317
28217.0,0.03,28266.0,0.195,Vertex,2023-10-16 17:12:44.658317
28216.0,0.86,28275.0,0.227,Vertex,2023-10-16 17:12:44.658317
28209.0,0.531,28281.0,0.3,Vertex,2023-10-16 17:12:44.658317
28207.0,12.407,28300.0,0.01,Vertex,2023-10-16 17:12:44.658317
28204.0,7.396,28470.0,0.01,Vertex,2023-10-16 17:12:44.658317
28192.0,0.197,28500.0,0.12,Vertex,2023-10-16 17:12:44.658317
28117.0,0.01,29000.0,0.2,Vertex,2023-10-16 17:12:44.658317
27842.0,0.01,29200.0,0.034,Vertex,2023-10-16 17:12:44.658317
26601.0,0.01,29950.0,0.2,Vertex,2023-10-16 17:12:44.658317
26430.0,0.1,,,Vertex,2023-10-16 17:12:44.658317
26244.0,0.01,,,Vertex,2023-10-16 17:12:44.658317
26031.0,0.015,,,Vertex,2023-10-16 17:12:44.658317
25900.0,0.189,,,Vertex,2023-10-16 17:12:44.658317
25816.0,0.1,,,Vertex,2023-10-16 17:12:44.658317
25785.0,0.02,,,Vertex,2023-10-16 17:12:44.658317
25551.0,0.1,,,Vertex,2023-10-16 17:12:44.658317
28393.0,2.84,28394.0,3.543,Vertex,2023-10-16 18:18:56.699819
28392.0,0.703,28395.0,0.805,Vertex,2023-10-16 18:18:56.699819
28389.0,1.76,28397.0,1.76,Vertex,2023-10-16 18:18:56.699819
28386.0,4.326,28398.0,7.145,Vertex,2023-10-16 18:18:56.699819
28382.0,0.805,28401.0,7.041,Vertex,2023-10-16 18:18:56.699819
28380.0,7.906,28405.0,0.176,Vertex,2023-10-16 18:18:56.699819
28379.0,0.176,28406.0,7.04,Vertex,2023-10-16 18:18:56.699819
28373.0,0.193,28410.0,12.319,Vertex,2023-10-16 18:18:56.699819
28371.0,12.336,28420.0,0.528,Vertex,2023-10-16 18:18:56.699819
28369.0,1.01,28421.0,0.193,Vertex,2023-10-16 18:18:56.699819
28367.0,0.528,28434.0,0.221,Vertex,2023-10-16 18:18:56.699819
28364.0,6.34,28445.0,0.3,Vertex,2023-10-16 18:18:56.699819
28352.0,0.201,28500.0,0.02,Vertex,2023-10-16 18:18:56.699819
28284.0,0.01,29000.0,0.2,Vertex,2023-10-16 18:18:56.699819
27842.0,0.01,29200.0,0.034,Vertex,2023-10-16 18:18:56.699819
26601.0,0.01,29950.0,0.2,Vertex,2023-10-16 18:18:56.699819
26430.0,0.1,,,Vertex,2023-10-16 18:18:56.699819
26244.0,0.01,,,Vertex,2023-10-16 18:18:56.699819
26031.0,0.015,,,Vertex,2023-10-16 18:18:56.699819
25900.0,0.189,,,Vertex,2023-10-16 18:18:56.699819
25816.0,0.1,,,Vertex,2023-10-16 18:18:56.699819
25785.0,0.02,,,Vertex,2023-10-16 18:18:56.699819
25551.0,0.1,,,Vertex,2023-10-16 18:18:56.699819
25510.0,0.25,,,Vertex,2023-10-16 18:18:56.699819
25250.0,0.797,,,Vertex,2023-10-16 18:18:56.699819
28742.0,2.7,28743.0,2.7,Vertex,2023-10-16 19:11:48.740692
28741.0,0.694,28744.0,0.795,Vertex,2023-10-16 19:11:48.740692
28736.0,2.534,28746.0,0.694,Vertex,2023-10-16 19:11:48.740692
28735.0,0.795,28748.0,0.795,Vertex,2023-10-16 19:11:48.740692
28731.0,3.479,28751.0,3.478,Vertex,2023-10-16 19:11:48.740692
28728.0,0.173,28753.0,3.476,Vertex,2023-10-16 19:11:48.740692
28727.0,0.86,28754.0,0.03,Vertex,2023-10-16 19:11:48.740692
28726.0,0.174,28755.0,6.259,Vertex,2023-10-16 19:11:48.740692
28723.0,6.961,28761.0,12.169,Vertex,2023-10-16 19:11:48.740692
28722.0,0.86,28768.0,12.357,Vertex,2023-10-16 19:11:48.740692
28718.0,0.191,28784.0,0.218,Vertex,2023-10-16 19:11:48.740692
28717.0,0.521,28791.0,0.3,Vertex,2023-10-16 19:11:48.740692
28714.0,12.189,28862.0,0.01,Vertex,2023-10-16 19:11:48.740692
28705.0,6.259,29000.0,0.2,Vertex,2023-10-16 19:11:48.740692
28701.0,0.198,29200.0,0.034,Vertex,2023-10-16 19:11:48.740692
28641.0,0.01,29950.0,0.2,Vertex,2023-10-16 19:11:48.740692
28330.0,1.164,,,Vertex,2023-10-16 19:11:48.740692
28300.0,1.166,,,Vertex,2023-10-16 19:11:48.740692
28276.0,1.167,,,Vertex,2023-10-16 19:11:48.740692
28250.0,1.168,,,Vertex,2023-10-16 19:11:48.740692
28230.0,1.168,,,Vertex,2023-10-16 19:11:48.740692
28195.0,1.17,,,Vertex,2023-10-16 19:11:48.740692
27842.0,0.01,,,Vertex,2023-10-16 19:11:48.740692
26601.0,0.01,,,Vertex,2023-10-16 19:11:48.740692
26430.0,0.1,,,Vertex,2023-10-16 19:11:48.740692
28572.0,0.698,28575.0,0.698,Vertex,2023-10-16 20:15:18.012395
28571.0,2.22,28577.0,2.22,Vertex,2023-10-16 20:15:18.012395
28570.0,0.8,28579.0,1.749,Vertex,2023-10-16 20:15:18.012395
28569.0,1.75,28580.0,0.8,Vertex,2023-10-16 20:15:18.012395
28567.0,0.8,28581.0,3.498,Vertex,2023-10-16 20:15:18.012395
28565.0,4.36,28583.0,0.8,Vertex,2023-10-16 20:15:18.012395
28560.0,0.192,28587.0,6.996,Vertex,2023-10-16 20:15:18.012395
28559.0,1.01,28594.0,6.3,Vertex,2023-10-16 20:15:18.012395
28558.0,7.003,28597.0,12.239,Vertex,2023-10-16 20:15:18.012395
28552.0,12.257,28608.0,0.192,Vertex,2023-10-16 20:15:18.012395
28549.0,6.3,28615.0,0.22,Vertex,2023-10-16 20:15:18.012395
28531.0,0.199,28630.0,0.3,Vertex,2023-10-16 20:15:18.012395
28504.0,0.01,28977.0,0.01,Vertex,2023-10-16 20:15:18.012395
27842.0,0.01,29000.0,0.2,Vertex,2023-10-16 20:15:18.012395
26601.0,0.01,29155.0,0.01,Vertex,2023-10-16 20:15:18.012395
26430.0,0.1,29200.0,0.034,Vertex,2023-10-16 20:15:18.012395
26244.0,0.01,29950.0,0.2,Vertex,2023-10-16 20:15:18.012395
26031.0,0.015,32200.0,2.0,Vertex,2023-10-16 20:15:18.012395
25900.0,0.189,,,Vertex,2023-10-16 20:15:18.012395
25816.0,0.1,,,Vertex,2023-10-16 20:15:18.012395
25785.0,0.02,,,Vertex,2023-10-16 20:15:18.012395
25551.0,0.1,,,Vertex,2023-10-16 20:15:18.012395
25510.0,0.25,,,Vertex,2023-10-16 20:15:18.012395
25250.0,0.797,,,Vertex,2023-10-16 20:15:18.012395
25190.0,0.198,,,Vertex,2023-10-16 20:15:18.012395
28286.0,2.52,28287.0,0.706,Vertex,2023-10-16 21:12:41.465943
28283.0,1.514,28291.0,3.328,Vertex,2023-10-16 21:12:41.465943
28279.0,3.536,28293.0,1.766,Vertex,2023-10-16 21:12:41.465943
28278.0,0.808,28294.0,0.808,Vertex,2023-10-16 21:12:41.465943
28276.0,3.536,28296.0,6.36,Vertex,2023-10-16 21:12:41.465943
28275.0,1.054,28297.0,3.709,Vertex,2023-10-16 21:12:41.465943
28270.0,0.176,28306.0,12.365,Vertex,2023-10-16 21:12:41.465943
28268.0,1.01,28310.0,0.53,Vertex,2023-10-16 21:12:41.465943
28265.0,12.381,28314.0,12.361,Vertex,2023-10-16 21:12:41.465943
28262.0,6.36,28323.0,0.194,Vertex,2023-10-16 21:12:41.465943
28261.0,0.53,28327.0,0.222,Vertex,2023-10-16 21:12:41.465943
28258.0,12.384,28341.0,0.3,Vertex,2023-10-16 21:12:41.465943
28245.0,0.201,28387.0,0.09,Vertex,2023-10-16 21:12:41.465943
28242.0,0.011,28410.0,0.079,Vertex,2023-10-16 21:12:41.465943
28221.0,0.01,28977.0,0.01,Vertex,2023-10-16 21:12:41.465943
27842.0,0.01,29000.0,0.2,Vertex,2023-10-16 21:12:41.465943
26601.0,0.01,29155.0,0.01,Vertex,2023-10-16 21:12:41.465943
26430.0,0.1,29200.0,0.034,Vertex,2023-10-16 21:12:41.465943
26244.0,0.01,29692.0,0.013,Vertex,2023-10-16 21:12:41.465943
26031.0,0.015,29950.0,0.2,Vertex,2023-10-16 21:12:41.465943
25900.0,0.189,32200.0,2.0,Vertex,2023-10-16 21:12:41.465943
25816.0,0.1,,,Vertex,2023-10-16 21:12:41.465943
25785.0,0.02,,,Vertex,2023-10-16 21:12:41.465943
25551.0,0.1,,,Vertex,2023-10-16 21:12:41.465943
25510.0,0.25,,,Vertex,2023-10-16 21:12:41.465943
28441.0,5.65,28442.0,5.648,Vertex,2023-10-16 22:13:03.194100
28439.0,3.516,28443.0,3.515,Vertex,2023-10-16 22:13:03.194100
28438.0,0.804,28445.0,0.804,Vertex,2023-10-16 22:13:03.194100
28434.0,7.837,28447.0,7.03,Vertex,2023-10-16 22:13:03.194100
28433.0,0.175,28448.0,6.506,Vertex,2023-10-16 22:13:03.194100
28431.0,0.86,28449.0,0.804,Vertex,2023-10-16 22:13:03.194100
28429.0,12.31,28454.0,12.3,Vertex,2023-10-16 22:13:03.194100
28423.0,0.193,28468.0,0.527,Vertex,2023-10-16 22:13:03.194100
28419.0,1.01,28478.0,0.193,Vertex,2023-10-16 22:13:03.194100
28415.0,0.527,28482.0,0.221,Vertex,2023-10-16 22:13:03.194100
28412.0,6.331,28496.0,0.3,Vertex,2023-10-16 22:13:03.194100
28399.0,0.2,28560.0,0.01,Vertex,2023-10-16 22:13:03.194100
28385.0,0.01,28977.0,0.01,Vertex,2023-10-16 22:13:03.194100
27842.0,0.01,29000.0,0.2,Vertex,2023-10-16 22:13:03.194100
26601.0,0.01,29155.0,0.01,Vertex,2023-10-16 22:13:03.194100
26430.0,0.1,29200.0,0.034,Vertex,2023-10-16 22:13:03.194100
26244.0,0.01,29692.0,0.013,Vertex,2023-10-16 22:13:03.194100
26031.0,0.015,29950.0,0.2,Vertex,2023-10-16 22:13:03.194100
25900.0,0.189,32200.0,2.0,Vertex,2023-10-16 22:13:03.194100
25816.0,0.1,,,Vertex,2023-10-16 22:13:03.194100
25785.0,0.02,,,Vertex,2023-10-16 22:13:03.194100
25551.0,0.1,,,Vertex,2023-10-16 22:13:03.194100
25510.0,0.25,,,Vertex,2023-10-16 22:13:03.194100
25250.0,0.797,,,Vertex,2023-10-16 22:13:03.194100
25190.0,0.198,,,Vertex,2023-10-16 22:13:03.194100
28533.0,4.009,28535.0,0.802,Vertex,2023-10-16 23:13:41.516441
28531.0,2.5540000000000003,28536.0,0.699,Vertex,2023-10-16 23:13:41.516441
28528.0,3.504,28539.0,1.75,Vertex,2023-10-16 23:13:41.516441
28525.0,0.798,28541.0,7.294,Vertex,2023-10-16 23:13:41.516441
28524.0,1.035,28543.0,3.503,Vertex,2023-10-16 23:13:41.516441
28523.0,7.011,28551.0,12.259,Vertex,2023-10-16 23:13:41.516441
28521.0,5.0,28556.0,12.256,Vertex,2023-10-16 23:13:41.516441
28515.0,1.01,28560.0,0.525,Vertex,2023-10-16 23:13:41.516441
28513.0,12.273,28573.0,0.193,Vertex,2023-10-16 23:13:41.516441
28511.0,11.51,28575.0,0.22,Vertex,2023-10-16 23:13:41.516441
28508.0,0.525,28589.0,0.3,Vertex,2023-10-16 23:13:41.516441
28492.0,0.2,28640.0,0.01,Vertex,2023-10-16 23:13:41.516441
27947.0,0.01,28977.0,0.01,Vertex,2023-10-16 23:13:41.516441
27842.0,0.01,29000.0,0.2,Vertex,2023-10-16 23:13:41.516441
27589.0,0.01,29155.0,0.01,Vertex,2023-10-16 23:13:41.516441
27121.0,0.01,29200.0,0.034,Vertex,2023-10-16 23:13:41.516441
26601.0,0.01,29692.0,0.013,Vertex,2023-10-16 23:13:41.516441
26430.0,0.1,29950.0,0.2,Vertex,2023-10-16 23:13:41.516441
26244.0,0.01,32200.0,2.0,Vertex,2023-10-16 23:13:41.516441
26031.0,0.015,,,Vertex,2023-10-16 23:13:41.516441
25900.0,0.189,,,Vertex,2023-10-16 23:13:41.516441
25816.0,0.1,,,Vertex,2023-10-16 23:13:41.516441
25785.0,0.02,,,Vertex,2023-10-16 23:13:41.516441
25551.0,0.1,,,Vertex,2023-10-16 23:13:41.516441
25510.0,0.25,,,Vertex,2023-10-16 23:13:41.516441
28291.0,5.205,28292.0,6.971,Vertex,2023-10-17 01:00:55.067854
28289.0,2.574,28293.0,3.533,Vertex,2023-10-17 01:00:55.067854
28287.0,3.535,28295.0,0.808,Vertex,2023-10-17 01:00:55.067854
28284.0,7.878,28298.0,7.067,Vertex,2023-10-17 01:00:55.067854
28282.0,0.85,28299.0,0.808,Vertex,2023-10-17 01:00:55.067854
28276.0,0.37,28303.0,0.176,Vertex,2023-10-17 01:00:55.067854
28275.0,13.378,28307.0,12.364,Vertex,2023-10-17 01:00:55.067854
28268.0,6.362,28317.0,0.53,Vertex,2023-10-17 01:00:55.067854
28266.0,0.53,28318.0,6.362,Vertex,2023-10-17 01:00:55.067854
28249.0,0.201,28328.0,0.194,Vertex,2023-10-17 01:00:55.067854
27947.0,0.01,28333.0,0.222,Vertex,2023-10-17 01:00:55.067854
27842.0,0.01,28345.0,0.3,Vertex,2023-10-17 01:00:55.067854
27600.0,0.036,28501.0,0.01,Vertex,2023-10-17 01:00:55.067854
27589.0,0.01,28977.0,0.01,Vertex,2023-10-17 01:00:55.067854
27121.0,0.01,29000.0,0.2,Vertex,2023-10-17 01:00:55.067854
26601.0,0.01,29155.0,0.01,Vertex,2023-10-17 01:00:55.067854
26430.0,0.1,29200.0,0.034,Vertex,2023-10-17 01:00:55.067854
26244.0,0.01,29692.0,0.013,Vertex,2023-10-17 01:00:55.067854
26031.0,0.015,29950.0,0.2,Vertex,2023-10-17 01:00:55.067854
25900.0,0.189,32200.0,2.0,Vertex,2023-10-17 01:00:55.067854
25816.0,0.1,,,Vertex,2023-10-17 01:00:55.067854
25785.0,0.02,,,Vertex,2023-10-17 01:00:55.067854
25551.0,0.1,,,Vertex,2023-10-17 01:00:55.067854
25510.0,0.25,,,Vertex,2023-10-17 01:00:55.067854
25250.0,0.797,,,Vertex,2023-10-17 01:00:55.067854
28321.0,0.807,28323.0,5.215,Vertex,2023-10-17 02:21:24.847467
28320.0,0.705,28329.0,2.747,Vertex,2023-10-17 02:21:24.847467
28318.0,5.35,28331.0,0.01,Vertex,2023-10-17 02:21:24.847467
28317.0,0.807,28332.0,0.807,Vertex,2023-10-17 02:21:24.847467
28314.0,1.94,28333.0,4.228,Vertex,2023-10-17 02:21:24.847467
28312.0,0.194,28340.0,6.35,Vertex,2023-10-17 02:21:24.847467
28311.0,3.532,28341.0,0.85,Vertex,2023-10-17 02:21:24.847467
28310.0,1.0,28342.0,7.056,Vertex,2023-10-17 02:21:24.847467
28305.0,12.364,28348.0,12.875,Vertex,2023-10-17 02:21:24.847467
28298.0,12.368,28351.0,0.194,Vertex,2023-10-17 02:21:24.847467
28296.0,0.529,28363.0,0.222,Vertex,2023-10-17 02:21:24.847467
28294.0,6.35,28977.0,0.01,Vertex,2023-10-17 02:21:24.847467
28281.0,0.201,29000.0,0.2,Vertex,2023-10-17 02:21:24.847467
27947.0,0.01,29155.0,0.01,Vertex,2023-10-17 02:21:24.847467
27886.0,0.01,29200.0,0.034,Vertex,2023-10-17 02:21:24.847467
27842.0,0.01,29692.0,0.013,Vertex,2023-10-17 02:21:24.847467
27600.0,0.036,29950.0,0.2,Vertex,2023-10-17 02:21:24.847467
27589.0,0.01,32200.0,2.0,Vertex,2023-10-17 02:21:24.847467
27121.0,0.01,,,Vertex,2023-10-17 02:21:24.847467
26601.0,0.01,,,Vertex,2023-10-17 02:21:24.847467
26430.0,0.1,,,Vertex,2023-10-17 02:21:24.847467
26244.0,0.01,,,Vertex,2023-10-17 02:21:24.847467
26031.0,0.015,,,Vertex,2023-10-17 02:21:24.847467
25900.0,0.189,,,Vertex,2023-10-17 02:21:24.847467
25816.0,0.1,,,Vertex,2023-10-17 02:21:24.847467
28361.0,6.796,28362.0,4.16,Vertex,2023-10-17 03:14:07.676815
28360.0,4.16,28364.0,0.714,Vertex,2023-10-17 03:14:07.676815
28359.0,0.01,28365.0,2.568,Vertex,2023-10-17 03:14:07.676815
28358.0,7.051,28367.0,3.524,Vertex,2023-10-17 03:14:07.676815
28356.0,0.85,28369.0,0.176,Vertex,2023-10-17 03:14:07.676815
28355.0,0.982,28370.0,7.885,Vertex,2023-10-17 03:14:07.676815
28350.0,12.345,28371.0,0.7,Vertex,2023-10-17 03:14:07.676815
28348.0,1.193,28375.0,6.343,Vertex,2023-10-17 03:14:07.676815
28335.0,6.873,28378.0,12.333,Vertex,2023-10-17 03:14:07.676815
28320.0,0.201,28379.0,0.85,Vertex,2023-10-17 03:14:07.676815
27947.0,0.01,28388.0,0.721,Vertex,2023-10-17 03:14:07.676815
27842.0,0.01,28402.0,0.221,Vertex,2023-10-17 03:14:07.676815
27600.0,0.036,28977.0,0.01,Vertex,2023-10-17 03:14:07.676815
27589.0,0.01,29000.0,0.2,Vertex,2023-10-17 03:14:07.676815
27121.0,0.01,29155.0,0.01,Vertex,2023-10-17 03:14:07.676815
26601.0,0.01,29200.0,0.034,Vertex,2023-10-17 03:14:07.676815
26430.0,0.1,29692.0,0.013,Vertex,2023-10-17 03:14:07.676815
26244.0,0.01,29950.0,0.2,Vertex,2023-10-17 03:14:07.676815
26031.0,0.015,32200.0,2.0,Vertex,2023-10-17 03:14:07.676815
25900.0,0.189,,,Vertex,2023-10-17 03:14:07.676815
25816.0,0.1,,,Vertex,2023-10-17 03:14:07.676815
25785.0,0.02,,,Vertex,2023-10-17 03:14:07.676815
25551.0,0.1,,,Vertex,2023-10-17 03:14:07.676815
25510.0,0.25,,,Vertex,2023-10-17 03:14:07.676815
25250.0,0.797,,,Vertex,2023-10-17 03:14:07.676815
28183.0,0.812,28186.0,5.208,Vertex,2023-10-17 04:16:37.337113
28182.0,0.708,28188.0,1.772,Vertex,2023-10-17 04:16:37.337113
28179.0,5.21,28189.0,0.812,Vertex,2023-10-17 04:16:37.337113
28178.0,4.5,28190.0,3.547,Vertex,2023-10-17 04:16:37.337113
28177.0,0.177,28192.0,0.989,Vertex,2023-10-17 04:16:37.337113
28176.0,3.548,28195.0,0.7,Vertex,2023-10-17 04:16:37.337113
28173.0,8.292,28196.0,7.092,Vertex,2023-10-17 04:16:37.337113
28164.0,12.426,28199.0,6.392,Vertex,2023-10-17 04:16:37.337113
28163.0,6.392,28203.0,0.85,Vertex,2023-10-17 04:16:37.337113
28159.0,0.532,28207.0,12.407,Vertex,2023-10-17 04:16:37.337113
28146.0,0.1,28215.0,0.195,Vertex,2023-10-17 04:16:37.337113
28142.0,0.202,28226.0,0.223,Vertex,2023-10-17 04:16:37.337113
28114.0,0.09,28977.0,0.01,Vertex,2023-10-17 04:16:37.337113
28095.0,0.01,29000.0,0.2,Vertex,2023-10-17 04:16:37.337113
27947.0,0.01,29155.0,0.01,Vertex,2023-10-17 04:16:37.337113
27842.0,0.01,29200.0,0.034,Vertex,2023-10-17 04:16:37.337113
27600.0,0.036,29692.0,0.013,Vertex,2023-10-17 04:16:37.337113
27589.0,0.01,29950.0,0.2,Vertex,2023-10-17 04:16:37.337113
27121.0,0.01,32200.0,2.0,Vertex,2023-10-17 04:16:37.337113
27106.0,0.077,,,Vertex,2023-10-17 04:16:37.337113
26601.0,0.01,,,Vertex,2023-10-17 04:16:37.337113
26430.0,0.1,,,Vertex,2023-10-17 04:16:37.337113
26244.0,0.01,,,Vertex,2023-10-17 04:16:37.337113
26031.0,0.015,,,Vertex,2023-10-17 04:16:37.337113
25900.0,0.189,,,Vertex,2023-10-17 04:16:37.337113
28175.0,0.708,28178.0,3.292,Vertex,2023-10-17 05:12:44.729250
28174.0,4.5,28179.0,8.048,Vertex,2023-10-17 05:12:44.729250
28173.0,2.584,28181.0,0.81,Vertex,2023-10-17 05:12:44.729250
28171.0,4.398,28185.0,7.796,Vertex,2023-10-17 05:12:44.729250
28168.0,8.086,28188.0,0.177,Vertex,2023-10-17 05:12:44.729250
28162.0,1.194,28190.0,0.05,Vertex,2023-10-17 05:12:44.729250
28161.0,12.428,28193.0,12.413,Vertex,2023-10-17 05:12:44.729250
28151.0,6.912,28195.0,0.85,Vertex,2023-10-17 05:12:44.729250
28134.0,0.202,28199.0,6.38,Vertex,2023-10-17 05:12:44.729250
28114.0,0.09,28202.0,0.532,Vertex,2023-10-17 05:12:44.729250
27947.0,0.01,28203.0,0.194,Vertex,2023-10-17 05:12:44.729250
27842.0,0.01,28218.0,0.223,Vertex,2023-10-17 05:12:44.729250
27600.0,0.036,28977.0,0.01,Vertex,2023-10-17 05:12:44.729250
27589.0,0.01,29000.0,0.2,Vertex,2023-10-17 05:12:44.729250
27121.0,0.01,29155.0,0.01,Vertex,2023-10-17 05:12:44.729250
27106.0,0.077,29200.0,0.034,Vertex,2023-10-17 05:12:44.729250
26601.0,0.01,29692.0,0.013,Vertex,2023-10-17 05:12:44.729250
26430.0,0.1,29950.0,0.2,Vertex,2023-10-17 05:12:44.729250
26244.0,0.01,32200.0,2.0,Vertex,2023-10-17 05:12:44.729250
26031.0,0.015,,,Vertex,2023-10-17 05:12:44.729250
25900.0,0.189,,,Vertex,2023-10-17 05:12:44.729250
25816.0,0.1,,,Vertex,2023-10-17 05:12:44.729250
25785.0,0.02,,,Vertex,2023-10-17 05:12:44.729250
25551.0,0.1,,,Vertex,2023-10-17 05:12:44.729250
25510.0,0.25,,,Vertex,2023-10-17 05:12:44.729250
28159.0,10.244,28160.0,4.21,Vertex,2023-10-17 06:19:07.774667
28158.0,7.102,28162.0,0.03,Vertex,2023-10-17 06:19:07.774667
28157.0,0.01,28163.0,0.813,Vertex,2023-10-17 06:19:07.774667
28156.0,0.813,28164.0,0.709,Vertex,2023-10-17 06:19:07.774667
28155.0,0.85,28165.0,1.774,Vertex,2023-10-17 06:19:07.774667
28154.0,4.21,28166.0,4.539,Vertex,2023-10-17 06:19:07.774667
28153.0,0.177,28167.0,6.397,Vertex,2023-10-17 06:19:07.774667
28151.0,12.432,28170.0,7.099,Vertex,2023-10-17 06:19:07.774667
28150.0,1.663,28171.0,0.85,Vertex,2023-10-17 06:19:07.774667
28148.0,0.09,28175.0,12.422,Vertex,2023-10-17 06:19:07.774667
28140.0,0.195,28178.0,0.85,Vertex,2023-10-17 06:19:07.774667
28134.0,0.532,28185.0,0.532,Vertex,2023-10-17 06:19:07.774667
28127.0,6.397,28192.0,0.195,Vertex,2023-10-17 06:19:07.774667
28118.0,0.202,28200.0,0.223,Vertex,2023-10-17 06:19:07.774667
28114.0,0.09,28977.0,0.01,Vertex,2023-10-17 06:19:07.774667
27947.0,0.01,29000.0,0.2,Vertex,2023-10-17 06:19:07.774667
27842.0,0.01,29155.0,0.01,Vertex,2023-10-17 06:19:07.774667
27600.0,0.036,29200.0,0.034,Vertex,2023-10-17 06:19:07.774667
27589.0,0.01,29692.0,0.013,Vertex,2023-10-17 06:19:07.774667
27121.0,0.01,29950.0,0.2,Vertex,2023-10-17 06:19:07.774667
27106.0,0.077,32200.0,2.0,Vertex,2023-10-17 06:19:07.774667
26601.0,0.01,,,Vertex,2023-10-17 06:19:07.774667
26430.0,0.1,,,Vertex,2023-10-17 06:19:07.774667
26244.0,0.01,,,Vertex,2023-10-17 06:19:07.774667
26031.0,0.015,,,Vertex,2023-10-17 06:19:07.774667
28257.0,0.706,28260.0,0.809,Vertex,2023-10-17 07:13:23.842047
28256.0,7.077,28261.0,5.206,Vertex,2023-10-17 07:13:23.842047
28253.0,3.539,28264.0,3.537,Vertex,2023-10-17 07:13:23.842047
28252.0,1.659,28265.0,0.809,Vertex,2023-10-17 07:13:23.842047
28250.0,0.176,28266.0,7.243,Vertex,2023-10-17 07:13:23.842047
28248.0,0.13,28267.0,3.536,Vertex,2023-10-17 07:13:23.842047
28247.0,7.08,28271.0,12.38,Vertex,2023-10-17 07:13:23.842047
28244.0,1.0,28275.0,0.85,Vertex,2023-10-17 07:13:23.842047
28240.0,0.194,28276.0,12.378,Vertex,2023-10-17 07:13:23.842047
28239.0,12.394,28283.0,0.01,Vertex,2023-10-17 07:13:23.842047
28233.0,0.53,28284.0,0.53,Vertex,2023-10-17 07:13:23.842047
28228.0,6.367,28297.0,0.194,Vertex,2023-10-17 07:13:23.842047
28216.0,0.201,28300.0,0.222,Vertex,2023-10-17 07:13:23.842047
28114.0,0.09,28977.0,0.01,Vertex,2023-10-17 07:13:23.842047
27947.0,0.01,29000.0,0.2,Vertex,2023-10-17 07:13:23.842047
27842.0,0.01,29155.0,0.01,Vertex,2023-10-17 07:13:23.842047
27600.0,0.036,29200.0,0.034,Vertex,2023-10-17 07:13:23.842047
27589.0,0.01,29692.0,0.013,Vertex,2023-10-17 07:13:23.842047
27121.0,0.01,29950.0,0.2,Vertex,2023-10-17 07:13:23.842047
27106.0,0.077,32200.0,2.0,Vertex,2023-10-17 07:13:23.842047
26601.0,0.01,,,Vertex,2023-10-17 07:13:23.842047
26430.0,0.1,,,Vertex,2023-10-17 07:13:23.842047
26244.0,0.01,,,Vertex,2023-10-17 07:13:23.842047
26031.0,0.015,,,Vertex,2023-10-17 07:13:23.842047
25900.0,0.189,,,Vertex,2023-10-17 07:13:23.842047
28412.0,2.46,28413.0,4.5,Vertex,2023-10-17 08:18:32.217635
28408.0,4.323,28416.0,1.505,Vertex,2023-10-17 08:18:32.217635
28405.0,4.5,28419.0,1.758,Vertex,2023-10-17 08:18:32.217635
28404.0,1.653,28420.0,0.803,Vertex,2023-10-17 08:18:32.217635
28403.0,0.193,28422.0,3.517,Vertex,2023-10-17 08:18:32.217635
28402.0,12.321,28424.0,7.197,Vertex,2023-10-17 08:18:32.217635
28401.0,0.175,28427.0,7.035,Vertex,2023-10-17 08:18:32.217635
28395.0,12.324,28432.0,12.31,Vertex,2023-10-17 08:18:32.217635
28394.0,1.0,28434.0,0.85,Vertex,2023-10-17 08:18:32.217635
28392.0,6.322,28439.0,0.527,Vertex,2023-10-17 08:18:32.217635
28386.0,0.527,28448.0,0.193,Vertex,2023-10-17 08:18:32.217635
28385.0,1.0,28453.0,0.221,Vertex,2023-10-17 08:18:32.217635
28370.0,0.2,28502.0,0.01,Vertex,2023-10-17 08:18:32.217635
28350.0,1.0,28977.0,0.01,Vertex,2023-10-17 08:18:32.217635
28300.0,2.0,29000.0,0.2,Vertex,2023-10-17 08:18:32.217635
28114.0,0.09,29155.0,0.01,Vertex,2023-10-17 08:18:32.217635
27947.0,0.01,29200.0,0.034,Vertex,2023-10-17 08:18:32.217635
27842.0,0.01,29692.0,0.013,Vertex,2023-10-17 08:18:32.217635
27600.0,0.036,29950.0,0.2,Vertex,2023-10-17 08:18:32.217635
27589.0,0.01,32200.0,2.0,Vertex,2023-10-17 08:18:32.217635
27121.0,0.01,,,Vertex,2023-10-17 08:18:32.217635
27106.0,0.077,,,Vertex,2023-10-17 08:18:32.217635
26601.0,0.01,,,Vertex,2023-10-17 08:18:32.217635
26430.0,0.1,,,Vertex,2023-10-17 08:18:32.217635
26244.0,0.01,,,Vertex,2023-10-17 08:18:32.217635
28413.0,5.979,28414.0,5.054,Vertex,2023-10-17 09:14:14.582131
28412.0,4.25,28416.0,0.702,Vertex,2023-10-17 09:14:14.582131
28410.0,0.804,28417.0,1.758,Vertex,2023-10-17 09:14:14.582131
28409.0,7.038,28419.0,4.321,Vertex,2023-10-17 09:14:14.582131
28405.0,0.786,28420.0,0.176,Vertex,2023-10-17 09:14:14.582131
28403.0,12.497,28422.0,6.333,Vertex,2023-10-17 09:14:14.582131
28392.0,0.193,28423.0,12.314,Vertex,2023-10-17 09:14:14.582131
28387.0,0.528,28430.0,12.31,Vertex,2023-10-17 09:14:14.582131
28379.0,6.333,28440.0,0.387,Vertex,2023-10-17 09:14:14.582131
28372.0,0.2,28444.0,0.193,Vertex,2023-10-17 09:14:14.582131
28350.0,1.0,28454.0,0.221,Vertex,2023-10-17 09:14:14.582131
28300.0,2.0,28466.0,0.01,Vertex,2023-10-17 09:14:14.582131
28294.0,0.01,28977.0,0.01,Vertex,2023-10-17 09:14:14.582131
28277.0,0.01,29000.0,0.2,Vertex,2023-10-17 09:14:14.582131
28114.0,0.09,29155.0,0.01,Vertex,2023-10-17 09:14:14.582131
27947.0,0.01,29200.0,0.034,Vertex,2023-10-17 09:14:14.582131
27842.0,0.01,29692.0,0.013,Vertex,2023-10-17 09:14:14.582131
27600.0,0.036,29950.0,0.2,Vertex,2023-10-17 09:14:14.582131
27589.0,0.01,32200.0,2.0,Vertex,2023-10-17 09:14:14.582131
27121.0,0.01,,,Vertex,2023-10-17 09:14:14.582131
27106.0,0.077,,,Vertex,2023-10-17 09:14:14.582131
26601.0,0.01,,,Vertex,2023-10-17 09:14:14.582131
26430.0,0.1,,,Vertex,2023-10-17 09:14:14.582131
26244.0,0.01,,,Vertex,2023-10-17 09:14:14.582131
26031.0,0.015,,,Vertex,2023-10-17 09:14:14.582131
28486.0,0.01,28487.0,9.374,Vertex,2023-10-17 10:15:10.207747
28484.0,3.41,28488.0,0.803,Vertex,2023-10-17 10:15:10.207747
28483.0,0.05,28490.0,7.019,Vertex,2023-10-17 10:15:10.207747
28480.0,1.504,28491.0,0.69,Vertex,2023-10-17 10:15:10.207747
28477.0,1.754,28492.0,0.803,Vertex,2023-10-17 10:15:10.207747
28476.0,3.511,28494.0,0.175,Vertex,2023-10-17 10:15:10.207747
28474.0,1.663,28498.0,18.599,Vertex,2023-10-17 10:15:10.207747
28473.0,0.175,28502.0,0.84,Vertex,2023-10-17 10:15:10.207747
28471.0,0.175,28513.0,0.184,Vertex,2023-10-17 10:15:10.207747
28468.0,12.294,28515.0,0.193,Vertex,2023-10-17 10:15:10.207747
28465.0,1.01,28527.0,0.22,Vertex,2023-10-17 10:15:10.207747
28462.0,18.806,28596.0,0.01,Vertex,2023-10-17 10:15:10.207747
28460.0,0.526,28977.0,0.01,Vertex,2023-10-17 10:15:10.207747
28446.0,0.2,29000.0,0.2,Vertex,2023-10-17 10:15:10.207747
28350.0,1.0,29155.0,0.01,Vertex,2023-10-17 10:15:10.207747
28300.0,2.0,29200.0,0.034,Vertex,2023-10-17 10:15:10.207747
28277.0,0.01,29692.0,0.013,Vertex,2023-10-17 10:15:10.207747
28225.0,1.0,29950.0,0.2,Vertex,2023-10-17 10:15:10.207747
28114.0,0.09,32200.0,2.0,Vertex,2023-10-17 10:15:10.207747
28100.0,0.165,,,Vertex,2023-10-17 10:15:10.207747
27947.0,0.01,,,Vertex,2023-10-17 10:15:10.207747
27842.0,0.01,,,Vertex,2023-10-17 10:15:10.207747
27600.0,0.036,,,Vertex,2023-10-17 10:15:10.207747
27589.0,0.01,,,Vertex,2023-10-17 10:15:10.207747
27121.0,0.01,,,Vertex,2023-10-17 10:15:10.207747
28480.0,5.041,28481.0,5.143,Vertex,2023-10-17 11:11:52.642524
28477.0,1.754,28485.0,0.701,Vertex,2023-10-17 11:11:52.642524
28474.0,5.174,28487.0,0.978,Vertex,2023-10-17 11:11:52.642524
28472.0,0.803,28489.0,4.199,Vertex,2023-10-17 11:11:52.642524
28467.0,7.2,28491.0,6.321,Vertex,2023-10-17 11:11:52.642524
28466.0,1.01,28496.0,0.84,Vertex,2023-10-17 11:11:52.642524
28465.0,0.175,28497.0,12.282,Vertex,2023-10-17 11:11:52.642524
28461.0,0.193,28507.0,0.487,Vertex,2023-10-17 11:11:52.642524
28458.0,12.298,28514.0,0.193,Vertex,2023-10-17 11:11:52.642524
28454.0,0.526,28521.0,0.22,Vertex,2023-10-17 11:11:52.642524
28443.0,6.321,28977.0,0.01,Vertex,2023-10-17 11:11:52.642524
28439.0,0.2,29000.0,0.2,Vertex,2023-10-17 11:11:52.642524
28434.0,0.01,29155.0,0.01,Vertex,2023-10-17 11:11:52.642524
28350.0,1.0,29200.0,0.034,Vertex,2023-10-17 11:11:52.642524
28300.0,2.0,29692.0,0.013,Vertex,2023-10-17 11:11:52.642524
28277.0,0.01,29950.0,0.2,Vertex,2023-10-17 11:11:52.642524
28225.0,1.0,32200.0,2.0,Vertex,2023-10-17 11:11:52.642524
28114.0,0.09,,,Vertex,2023-10-17 11:11:52.642524
27947.0,0.01,,,Vertex,2023-10-17 11:11:52.642524
27842.0,0.01,,,Vertex,2023-10-17 11:11:52.642524
27600.0,0.036,,,Vertex,2023-10-17 11:11:52.642524
27589.0,0.01,,,Vertex,2023-10-17 11:11:52.642524
27121.0,0.01,,,Vertex,2023-10-17 11:11:52.642524
26601.0,0.01,,,Vertex,2023-10-17 11:11:52.642524
26430.0,0.1,,,Vertex,2023-10-17 11:11:52.642524
28428.0,5.202,28429.0,5.303,Vertex,2023-10-17 12:27:31.902162
28426.0,1.758,28431.0,0.702,Vertex,2023-10-17 12:27:31.902162
28423.0,0.803,28434.0,1.758,Vertex,2023-10-17 12:27:31.902162
28422.0,0.86,28435.0,0.175,Vertex,2023-10-17 12:27:31.902162
28418.0,0.978,28436.0,0.803,Vertex,2023-10-17 12:27:31.902162
28416.0,7.478,28440.0,0.84,Vertex,2023-10-17 12:27:31.902162
28412.0,1.01,28441.0,18.63,Vertex,2023-10-17 12:27:31.902162
28409.0,12.319,28447.0,12.303,Vertex,2023-10-17 12:27:31.902162
28405.0,0.193,28448.0,0.84,Vertex,2023-10-17 12:27:31.902162
28398.0,0.527,28451.0,0.363,Vertex,2023-10-17 12:27:31.902162
28391.0,6.325,28464.0,0.193,Vertex,2023-10-17 12:27:31.902162
28387.0,0.2,28469.0,0.221,Vertex,2023-10-17 12:27:31.902162
