bid_price,bid_size,ask_price,ask_size,protocol_name,timestamp
12.307,242.0,12.315,242.0,Vertex,2023-12-14 05:13:41.579103
,,12.317,1216.0,Vertex,2023-12-14 05:13:41.579103
,,12.319,1216.0,Vertex,2023-12-14 05:13:41.579103
12.682,236.0,12.686,236.0,Vertex,2023-12-14 06:18:37.541352
12.68,1182.0,12.688,1182.0,Vertex,2023-12-14 06:18:37.541352
12.679,2364.0,12.689,2364.0,Vertex,2023-12-14 06:18:37.541352
,,12.693,3938.0,Vertex,2023-12-14 06:18:37.541352
12.582,238.0,12.587,238.0,Vertex,2023-12-14 07:13:11.191660
12.58,2384.0,12.589,1190.0,Vertex,2023-12-14 07:13:11.191660
12.579,2384.0,12.59,1190.0,Vertex,2023-12-14 07:13:11.191660
,,12.595,3968.0,Vertex,2023-12-14 07:13:11.191660
13.436,2232.0,13.445,222.0,Vertex,2023-12-14 08:18:18.083144
,,13.447,1114.0,Vertex,2023-12-14 08:18:18.083144
,,13.448,1114.0,Vertex,2023-12-14 08:18:18.083144
,,13.453,3716.0,Vertex,2023-12-14 08:18:18.083144
13.346,224.0,13.356,1122.0,Vertex,2023-12-14 09:14:11.571113
13.343,1124.0,13.357,2246.0,Vertex,2023-12-14 09:14:11.571113
13.342,2248.0,13.362,3742.0,Vertex,2023-12-14 09:14:11.571113
13.162,226.0,13.167,226.0,Vertex,2023-12-14 10:15:15.108498
13.16,1138.0,13.169,1138.0,Vertex,2023-12-14 10:15:15.108498
13.158,2278.0,13.171,2276.0,Vertex,2023-12-14 10:15:15.108498
,,13.176,3794.0,Vertex,2023-12-14 10:15:15.108498
13.324,224.0,13.328,224.0,Vertex,2023-12-14 11:12:29.138731
13.322,1124.0,13.329,1124.0,Vertex,2023-12-14 11:12:29.138731
13.321,1124.0,13.331,2250.0,Vertex,2023-12-14 11:12:29.138731
,,13.337,3748.0,Vertex,2023-12-14 11:12:29.138731
13.668,190.0,13.669,218.0,Vertex,2023-12-14 12:27:11.382281
13.664,218.0,13.671,1096.0,Vertex,2023-12-14 12:27:11.382281
13.662,1096.0,13.672,1096.0,Vertex,2023-12-14 12:27:11.382281
13.66,2196.0,13.677,3654.0,Vertex,2023-12-14 12:27:11.382281
13.659,190.0,13.682,190.0,Vertex,2023-12-14 12:27:11.382281
,,13.691,190.0,Vertex,2023-12-14 12:27:11.382281
13.451,388.0,13.464,194.0,Vertex,2023-12-14 13:17:46.242205
13.427,1116.0,13.476,194.0,Vertex,2023-12-14 13:17:46.242205
13.425,2234.0,,,Vertex,2023-12-14 13:17:46.242205
14.003,400.0,14.01,214.0,Vertex,2023-12-14 14:13:33.295119
13.999,2142.0,14.013,2140.0,Vertex,2023-12-14 14:13:33.295119
,,14.014,2140.0,Vertex,2023-12-14 14:13:33.295119
,,14.02,3566.0,Vertex,2023-12-14 14:13:33.295119
,,14.034,186.0,Vertex,2023-12-14 14:13:33.295119
14.074,212.0,14.08,212.0,Vertex,2023-12-14 15:15:00.281758
14.072,1064.0,14.082,1064.0,Vertex,2023-12-14 15:15:00.281758
14.07,2132.0,14.084,2130.0,Vertex,2023-12-14 15:15:00.281758
14.065,3554.0,14.088,3548.0,Vertex,2023-12-14 15:15:00.281758
,,14.091,184.0,Vertex,2023-12-14 15:15:00.281758
13.629,190.0,13.631,2200.0,Vertex,2023-12-14 16:15:48.948532
13.622,190.0,13.649,190.0,Vertex,2023-12-14 16:15:48.948532
13.62,220.0,13.665,190.0,Vertex,2023-12-14 16:15:48.948532
13.617,1100.0,,,Vertex,2023-12-14 16:15:48.948532
13.616,2202.0,,,Vertex,2023-12-14 16:15:48.948532
14.256,210.0,14.258,100.0,Vertex,2023-12-14 17:13:22.566378
14.251,2514.0,14.259,310.0,Vertex,2023-12-14 17:13:22.566378
14.249,2104.0,14.268,10750.0,Vertex,2023-12-14 17:13:22.566378
14.244,3510.0,14.271,1050.0,Vertex,2023-12-14 17:13:22.566378
14.24,10540.0,14.28,182.0,Vertex,2023-12-14 17:13:22.566378
14.212,210.0,14.301,210.0,Vertex,2023-12-14 17:13:22.566378
14.194,194.0,14.323,194.0,Vertex,2023-12-14 17:13:22.566378
14.46,180.0,14.464,310.0,Vertex,2023-12-14 18:18:19.478749
14.459,410.0,14.466,100.0,Vertex,2023-12-14 18:18:19.478749
14.452,206.0,14.474,10636.0,Vertex,2023-12-14 18:18:19.478749
14.448,10610.0,14.48,1034.0,Vertex,2023-12-14 18:18:19.478749
14.444,2076.0,14.491,180.0,Vertex,2023-12-14 18:18:19.478749
14.438,3462.0,14.51,200.0,Vertex,2023-12-14 18:18:19.478749
14.432,3464.0,14.533,192.0,Vertex,2023-12-14 18:18:19.478749
14.418,200.0,14.701,76.0,Vertex,2023-12-14 18:18:19.478749
14.4,192.0,,,Vertex,2023-12-14 18:18:19.478749
14.089,74.0,,,Vertex,2023-12-14 18:18:19.478749
14.46,206.0,14.462,206.0,Vertex,2023-12-14 19:11:31.144398
14.459,1446.0,14.464,1036.0,Vertex,2023-12-14 19:11:31.144398
14.457,2074.0,14.465,2074.0,Vertex,2023-12-14 19:11:31.144398
14.453,3638.0,14.466,410.0,Vertex,2023-12-14 19:11:31.144398
14.447,10642.0,14.467,180.0,Vertex,2023-12-14 19:11:31.144398
14.446,126.0,14.471,3454.0,Vertex,2023-12-14 19:11:31.144398
14.417,200.0,14.472,10380.0,Vertex,2023-12-14 19:11:31.144398
14.416,6936.0,14.48,180.0,Vertex,2023-12-14 19:11:31.144398
14.396,192.0,14.508,7092.0,Vertex,2023-12-14 19:11:31.144398
14.321,164.0,14.529,192.0,Vertex,2023-12-14 19:11:31.144398
14.277,256.0,14.665,164.0,Vertex,2023-12-14 19:11:31.144398
14.175,74.0,14.692,250.0,Vertex,2023-12-14 19:11:31.144398
,,14.751,76.0,Vertex,2023-12-14 19:11:31.144398
14.152,310.0,14.157,100.0,Vertex,2023-12-14 20:15:21.544218
14.151,100.0,14.16,310.0,Vertex,2023-12-14 20:15:21.544218
14.146,3534.0,14.164,12708.0,Vertex,2023-12-14 20:15:21.544218
14.142,10774.0,14.169,3528.0,Vertex,2023-12-14 20:15:21.544218
14.136,78.0,14.174,184.0,Vertex,2023-12-14 20:15:21.544218
14.114,210.0,14.2,210.0,Vertex,2023-12-14 20:15:21.544218
14.108,7086.0,14.205,7038.0,Vertex,2023-12-14 20:15:21.544218
14.089,196.0,14.219,196.0,Vertex,2023-12-14 20:15:21.544218
14.017,168.0,14.367,164.0,Vertex,2023-12-14 20:15:21.544218
13.995,256.0,14.389,256.0,Vertex,2023-12-14 20:15:21.544218
13.885,74.0,14.461,76.0,Vertex,2023-12-14 20:15:21.544218
10.022,86.0,,,Vertex,2023-12-14 20:15:21.544218
13.992,420.0,13.999,320.0,Vertex,2023-12-14 21:12:25.789416
13.99,186.0,14.0,100.0,Vertex,2023-12-14 21:12:25.789416
13.978,10926.0,14.003,186.0,Vertex,2023-12-14 21:12:25.789416
13.974,128.0,14.005,214.0,Vertex,2023-12-14 21:12:25.789416
13.956,7374.0,14.006,11810.0,Vertex,2023-12-14 21:12:25.789416
13.934,198.0,14.008,2140.0,Vertex,2023-12-14 21:12:25.789416
13.817,260.0,14.013,3568.0,Vertex,2023-12-14 21:12:25.789416
13.777,148.0,14.015,186.0,Vertex,2023-12-14 21:12:25.789416
13.713,74.0,14.041,210.0,Vertex,2023-12-14 21:12:25.789416
10.022,86.0,14.052,7116.0,Vertex,2023-12-14 21:12:25.789416
,,14.062,198.0,Vertex,2023-12-14 21:12:25.789416
,,14.122,148.0,Vertex,2023-12-14 21:12:25.789416
,,14.15,260.0,Vertex,2023-12-14 21:12:25.789416
,,14.256,76.0,Vertex,2023-12-14 21:12:25.789416
13.803,216.0,13.806,320.0,Vertex,2023-12-14 22:13:32.025670
13.801,1186.0,13.807,100.0,Vertex,2023-12-14 22:13:32.025670
13.8,2172.0,13.809,216.0,Vertex,2023-12-14 22:13:32.025670
13.796,320.0,13.81,188.0,Vertex,2023-12-14 22:13:32.025670
13.795,188.0,13.811,1086.0,Vertex,2023-12-14 22:13:32.025670
13.794,3624.0,13.812,2172.0,Vertex,2023-12-14 22:13:32.025670
13.787,10850.0,13.816,10850.0,Vertex,2023-12-14 22:13:32.025670
13.777,188.0,13.818,3618.0,Vertex,2023-12-14 22:13:32.025670
13.771,78.0,13.819,188.0,Vertex,2023-12-14 22:13:32.025670
13.756,210.0,13.828,78.0,Vertex,2023-12-14 22:13:32.025670
13.753,7270.0,13.848,210.0,Vertex,2023-12-14 22:13:32.025670
13.741,200.0,13.855,7216.0,Vertex,2023-12-14 22:13:32.025670
13.669,156.0,13.868,200.0,Vertex,2023-12-14 22:13:32.025670
13.61,264.0,13.989,156.0,Vertex,2023-12-14 22:13:32.025670
13.516,74.0,14.025,262.0,Vertex,2023-12-14 22:13:32.025670
10.022,86.0,14.06,76.0,Vertex,2023-12-14 22:13:32.025670
13.853,420.0,13.859,636.0,Vertex,2023-12-14 23:14:26.212364
13.851,188.0,13.861,2164.0,Vertex,2023-12-14 23:14:26.212364
13.849,216.0,13.863,2164.0,Vertex,2023-12-14 23:14:26.212364
13.847,1082.0,13.865,188.0,Vertex,2023-12-14 23:14:26.212364
13.844,2166.0,13.867,14444.0,Vertex,2023-12-14 23:14:26.212364
13.84,10840.0,13.87,188.0,Vertex,2023-12-14 23:14:26.212364
13.839,3612.0,13.898,210.0,Vertex,2023-12-14 23:14:26.212364
13.835,188.0,13.91,7188.0,Vertex,2023-12-14 23:14:26.212364
13.816,210.0,13.917,200.0,Vertex,2023-12-14 23:14:26.212364
13.805,7242.0,14.002,136.0,Vertex,2023-12-14 23:14:26.212364
13.793,200.0,14.107,260.0,Vertex,2023-12-14 23:14:26.212364
13.687,136.0,14.157,76.0,Vertex,2023-12-14 23:14:26.212364
13.653,264.0,,,Vertex,2023-12-14 23:14:26.212364
13.597,74.0,,,Vertex,2023-12-14 23:14:26.212364
10.022,86.0,,,Vertex,2023-12-14 23:14:26.212364
13.567,110.0,13.569,1104.0,Vertex,2023-12-15 01:04:43.163258
13.565,330.0,13.57,2210.0,Vertex,2023-12-15 01:04:43.163258
13.56,192.0,13.572,440.0,Vertex,2023-12-15 01:04:43.163258
13.557,220.0,13.574,192.0,Vertex,2023-12-15 01:04:43.163258
13.554,2212.0,13.577,3682.0,Vertex,2023-12-15 01:04:43.163258
13.552,2212.0,13.583,11050.0,Vertex,2023-12-15 01:04:43.163258
13.55,11050.0,13.585,192.0,Vertex,2023-12-15 01:04:43.163258
13.549,192.0,13.602,220.0,Vertex,2023-12-15 01:04:43.163258
13.548,3690.0,13.609,7348.0,Vertex,2023-12-15 01:04:43.163258
13.523,220.0,13.628,204.0,Vertex,2023-12-15 01:04:43.163258
13.504,204.0,13.697,148.0,Vertex,2023-12-15 01:04:43.163258
13.5,7406.0,13.729,276.0,Vertex,2023-12-15 01:04:43.163258
13.339,152.0,13.816,76.0,Vertex,2023-12-15 01:04:43.163258
13.315,276.0,,,Vertex,2023-12-15 01:04:43.163258
13.273,74.0,,,Vertex,2023-12-15 01:04:43.163258
10.022,86.0,,,Vertex,2023-12-15 01:04:43.163258
13.619,320.0,13.625,420.0,Vertex,2023-12-15 02:28:05.769264
13.618,1100.0,13.626,220.0,Vertex,2023-12-15 02:28:05.769264
13.617,320.0,13.629,2390.0,Vertex,2023-12-15 02:28:05.769264
13.616,2392.0,13.63,2200.0,Vertex,2023-12-15 02:28:05.769264
13.611,3672.0,13.631,10970.0,Vertex,2023-12-15 02:28:05.769264
13.606,10970.0,13.635,3856.0,Vertex,2023-12-15 02:28:05.769264
13.603,190.0,13.657,210.0,Vertex,2023-12-15 02:28:05.769264
13.574,210.0,13.665,7318.0,Vertex,2023-12-15 02:28:05.769264
13.568,7370.0,13.682,202.0,Vertex,2023-12-15 02:28:05.769264
13.56,202.0,13.909,76.0,Vertex,2023-12-15 02:28:05.769264
13.349,74.0,,,Vertex,2023-12-15 02:28:05.769264
10.022,86.0,,,Vertex,2023-12-15 02:28:05.769264
13.657,420.0,13.662,218.0,Vertex,2023-12-15 03:15:26.784258
13.656,218.0,13.663,1296.0,Vertex,2023-12-15 03:15:26.784258
13.654,1098.0,13.664,1096.0,Vertex,2023-12-15 03:15:26.784258
13.653,190.0,13.665,510.0,Vertex,2023-12-15 03:15:26.784258
13.652,2196.0,13.666,2194.0,Vertex,2023-12-15 03:15:26.784258
13.648,3662.0,13.667,10990.0,Vertex,2023-12-15 03:15:26.784258
13.641,10990.0,13.67,3656.0,Vertex,2023-12-15 03:15:26.784258
13.637,192.0,13.677,192.0,Vertex,2023-12-15 03:15:26.784258
13.615,210.0,13.696,210.0,Vertex,2023-12-15 03:15:26.784258
13.609,7346.0,13.705,7296.0,Vertex,2023-12-15 03:15:26.784258
13.594,202.0,13.72,202.0,Vertex,2023-12-15 03:15:26.784258
13.382,74.0,13.928,76.0,Vertex,2023-12-15 03:15:26.784258
10.022,86.0,,,Vertex,2023-12-15 03:15:26.784258
13.746,218.0,13.75,420.0,Vertex,2023-12-15 04:17:18.226395
13.745,1510.0,13.753,406.0,Vertex,2023-12-15 04:17:18.226395
13.744,2182.0,13.754,1090.0,Vertex,2023-12-15 04:17:18.226395
13.74,3638.0,13.756,1090.0,Vertex,2023-12-15 04:17:18.226395
13.738,188.0,13.759,10880.0,Vertex,2023-12-15 04:17:18.226395
13.729,10880.0,13.762,3632.0,Vertex,2023-12-15 04:17:18.226395
13.724,188.0,13.766,188.0,Vertex,2023-12-15 04:17:18.226395
13.708,210.0,13.77,108.0,Vertex,2023-12-15 04:17:18.226395
13.701,7298.0,13.783,210.0,Vertex,2023-12-15 04:17:18.226395
13.685,202.0,13.805,7242.0,Vertex,2023-12-15 04:17:18.226395
13.636,144.0,13.814,200.0,Vertex,2023-12-15 04:17:18.226395
13.613,264.0,13.898,148.0,Vertex,2023-12-15 04:17:18.226395
13.513,74.0,14.022,76.0,Vertex,2023-12-15 04:17:18.226395
10.022,86.0,14.048,268.0,Vertex,2023-12-15 04:17:18.226395
13.613,440.0,13.617,220.0,Vertex,2023-12-15 05:13:40.798518
13.611,412.0,13.619,1430.0,Vertex,2023-12-15 05:13:40.798518
13.61,1102.0,13.62,1100.0,Vertex,2023-12-15 05:13:40.798518
13.609,2204.0,13.621,110.0,Vertex,2023-12-15 05:13:40.798518
13.604,3674.0,13.625,11454.0,Vertex,2023-12-15 05:13:40.798518
13.598,11262.0,13.626,3668.0,Vertex,2023-12-15 05:13:40.798518
13.569,220.0,13.654,7544.0,Vertex,2023-12-15 05:13:40.798518
13.56,7374.0,13.678,202.0,Vertex,2023-12-15 05:13:40.798518
13.55,204.0,13.743,128.0,Vertex,2023-12-15 05:13:40.798518
13.397,156.0,13.751,276.0,Vertex,2023-12-15 05:13:40.798518
13.363,274.0,13.894,76.0,Vertex,2023-12-15 05:13:40.798518
13.348,74.0,,,Vertex,2023-12-15 05:13:40.798518
10.022,86.0,,,Vertex,2023-12-15 05:13:40.798518
13.638,218.0,13.643,328.0,Vertex,2023-12-15 06:18:46.527773
13.637,440.0,13.645,1620.0,Vertex,2023-12-15 06:18:46.527773
13.635,2200.0,13.647,2198.0,Vertex,2023-12-15 06:18:46.527773
13.633,2200.0,13.651,11010.0,Vertex,2023-12-15 06:18:46.527773
13.632,192.0,13.653,3662.0,Vertex,2023-12-15 06:18:46.527773
13.629,3668.0,13.658,196.0,Vertex,2023-12-15 06:18:46.527773
13.627,11206.0,13.666,76.0,Vertex,2023-12-15 06:18:46.527773
13.621,116.0,13.679,220.0,Vertex,2023-12-15 06:18:46.527773
13.6,7352.0,13.681,7308.0,Vertex,2023-12-15 06:18:46.527773
13.599,220.0,13.704,202.0,Vertex,2023-12-15 06:18:46.527773
13.579,202.0,13.833,164.0,Vertex,2023-12-15 06:18:46.527773
13.501,164.0,13.856,266.0,Vertex,2023-12-15 06:18:46.527773
13.493,268.0,13.909,76.0,Vertex,2023-12-15 06:18:46.527773
13.359,74.0,,,Vertex,2023-12-15 06:18:46.527773
10.022,86.0,,,Vertex,2023-12-15 06:18:46.527773
13.856,100.0,13.861,320.0,Vertex,2023-12-15 07:13:13.016738
13.854,188.0,13.863,100.0,Vertex,2023-12-15 07:13:13.016738
13.851,2484.0,13.864,216.0,Vertex,2023-12-15 07:13:13.016738
13.85,188.0,13.868,1080.0,Vertex,2023-12-15 07:13:13.016738
13.849,2166.0,13.869,2162.0,Vertex,2023-12-15 07:13:13.016738
13.847,10880.0,13.875,10880.0,Vertex,2023-12-15 07:13:13.016738
13.846,3610.0,13.877,3602.0,Vertex,2023-12-15 07:13:13.016738
13.813,7448.0,13.88,188.0,Vertex,2023-12-15 07:13:13.016738
13.795,200.0,13.9,210.0,Vertex,2023-12-15 07:13:13.016738
13.691,268.0,13.922,200.0,Vertex,2023-12-15 07:13:13.016738
13.673,156.0,13.929,7144.0,Vertex,2023-12-15 07:13:13.016738
13.65,100.0,13.93,66.0,Vertex,2023-12-15 07:13:13.016738
13.6,100.0,14.057,268.0,Vertex,2023-12-15 07:13:13.016738
13.577,74.0,14.096,156.0,Vertex,2023-12-15 07:13:13.016738
13.55,100.0,14.13,76.0,Vertex,2023-12-15 07:13:13.016738
13.5,150.0,,,Vertex,2023-12-15 07:13:13.016738
13.45,150.0,,,Vertex,2023-12-15 07:13:13.016738
13.4,150.0,,,Vertex,2023-12-15 07:13:13.016738
13.35,150.0,,,Vertex,2023-12-15 07:13:13.016738
13.3,150.0,,,Vertex,2023-12-15 07:13:13.016738
13.25,200.0,,,Vertex,2023-12-15 07:13:13.016738
13.2,200.0,,,Vertex,2023-12-15 07:13:13.016738
13.15,200.0,,,Vertex,2023-12-15 07:13:13.016738
13.1,200.0,,,Vertex,2023-12-15 07:13:13.016738
13.05,200.0,,,Vertex,2023-12-15 07:13:13.016738
13.717,218.0,13.721,218.0,Vertex,2023-12-15 08:18:37.445242
13.716,1512.0,13.722,100.0,Vertex,2023-12-15 08:18:37.445242
13.715,2186.0,13.723,1412.0,Vertex,2023-12-15 08:18:37.445242
13.711,192.0,13.725,2184.0,Vertex,2023-12-15 08:18:37.445242
13.708,3646.0,13.726,192.0,Vertex,2023-12-15 08:18:37.445242
13.705,10900.0,13.73,14540.0,Vertex,2023-12-15 08:18:37.445242
13.701,192.0,13.741,192.0,Vertex,2023-12-15 08:18:37.445242
13.679,210.0,13.755,210.0,Vertex,2023-12-15 08:18:37.445242
13.677,7310.0,13.78,7256.0,Vertex,2023-12-15 08:18:37.445242
13.66,202.0,13.783,202.0,Vertex,2023-12-15 08:18:37.445242
13.53,140.0,13.912,140.0,Vertex,2023-12-15 08:18:37.445242
13.528,262.0,13.931,264.0,Vertex,2023-12-15 08:18:37.445242
13.5,150.0,14.014,76.0,Vertex,2023-12-15 08:18:37.445242
13.457,74.0,,,Vertex,2023-12-15 08:18:37.445242
13.45,150.0,,,Vertex,2023-12-15 08:18:37.445242
13.4,150.0,,,Vertex,2023-12-15 08:18:37.445242
13.35,150.0,,,Vertex,2023-12-15 08:18:37.445242
13.3,150.0,,,Vertex,2023-12-15 08:18:37.445242
13.25,200.0,,,Vertex,2023-12-15 08:18:37.445242
13.2,200.0,,,Vertex,2023-12-15 08:18:37.445242
13.15,200.0,,,Vertex,2023-12-15 08:18:37.445242
13.1,200.0,,,Vertex,2023-12-15 08:18:37.445242
13.05,200.0,,,Vertex,2023-12-15 08:18:37.445242
13.0,250.0,,,Vertex,2023-12-15 08:18:37.445242
12.95,250.0,,,Vertex,2023-12-15 08:18:37.445242
13.848,508.0,13.856,536.0,Vertex,2023-12-15 09:14:25.284816
13.845,100.0,13.86,2164.0,Vertex,2023-12-15 09:14:25.284816
13.844,216.0,13.862,2164.0,Vertex,2023-12-15 09:14:25.284816
13.842,1270.0,13.864,100.0,Vertex,2023-12-15 09:14:25.284816
13.838,2166.0,13.867,3604.0,Vertex,2023-12-15 09:14:25.284816
13.834,14534.0,13.874,188.0,Vertex,2023-12-15 09:14:25.284816
13.813,210.0,13.875,10920.0,Vertex,2023-12-15 09:14:25.284816
13.798,7246.0,13.896,210.0,Vertex,2023-12-15 09:14:25.284816
13.791,200.0,13.916,200.0,Vertex,2023-12-15 09:14:25.284816
13.545,74.0,13.919,7184.0,Vertex,2023-12-15 09:14:25.284816
13.5,150.0,14.118,76.0,Vertex,2023-12-15 09:14:25.284816
13.45,150.0,,,Vertex,2023-12-15 09:14:25.284816
13.4,150.0,,,Vertex,2023-12-15 09:14:25.284816
13.35,150.0,,,Vertex,2023-12-15 09:14:25.284816
13.3,150.0,,,Vertex,2023-12-15 09:14:25.284816
13.25,200.0,,,Vertex,2023-12-15 09:14:25.284816
13.2,200.0,,,Vertex,2023-12-15 09:14:25.284816
13.15,200.0,,,Vertex,2023-12-15 09:14:25.284816
13.1,200.0,,,Vertex,2023-12-15 09:14:25.284816
13.05,200.0,,,Vertex,2023-12-15 09:14:25.284816
13.0,250.0,,,Vertex,2023-12-15 09:14:25.284816
12.95,250.0,,,Vertex,2023-12-15 09:14:25.284816
12.9,250.0,,,Vertex,2023-12-15 09:14:25.284816
12.85,250.0,,,Vertex,2023-12-15 09:14:25.284816
12.8,250.0,,,Vertex,2023-12-15 09:14:25.284816
13.703,100.0,13.707,320.0,Vertex,2023-12-15 10:15:26.315560
13.702,218.0,13.708,318.0,Vertex,2023-12-15 10:15:26.315560
13.7,1604.0,13.711,2188.0,Vertex,2023-12-15 10:15:26.315560
13.699,2188.0,13.715,10940.0,Vertex,2023-12-15 10:15:26.315560
13.695,190.0,13.717,3834.0,Vertex,2023-12-15 10:15:26.315560
13.693,3650.0,13.721,190.0,Vertex,2023-12-15 10:15:26.315560
13.689,10940.0,13.744,210.0,Vertex,2023-12-15 10:15:26.315560
13.663,210.0,13.755,7270.0,Vertex,2023-12-15 10:15:26.315560
13.649,7326.0,13.768,202.0,Vertex,2023-12-15 10:15:26.315560
13.639,202.0,13.977,76.0,Vertex,2023-12-15 10:15:26.315560
13.5,150.0,,,Vertex,2023-12-15 10:15:26.315560
13.45,150.0,,,Vertex,2023-12-15 10:15:26.315560
13.427,74.0,,,Vertex,2023-12-15 10:15:26.315560
13.4,150.0,,,Vertex,2023-12-15 10:15:26.315560
13.35,150.0,,,Vertex,2023-12-15 10:15:26.315560
13.3,150.0,,,Vertex,2023-12-15 10:15:26.315560
13.25,200.0,,,Vertex,2023-12-15 10:15:26.315560
13.2,200.0,,,Vertex,2023-12-15 10:15:26.315560
13.15,200.0,,,Vertex,2023-12-15 10:15:26.315560
13.1,200.0,,,Vertex,2023-12-15 10:15:26.315560
13.05,200.0,,,Vertex,2023-12-15 10:15:26.315560
13.0,250.0,,,Vertex,2023-12-15 10:15:26.315560
12.95,250.0,,,Vertex,2023-12-15 10:15:26.315560
12.9,250.0,,,Vertex,2023-12-15 10:15:26.315560
12.85,250.0,,,Vertex,2023-12-15 10:15:26.315560
13.535,440.0,13.541,110.0,Vertex,2023-12-15 11:12:20.398025
13.534,192.0,13.542,330.0,Vertex,2023-12-15 11:12:20.398025
13.532,220.0,13.543,220.0,Vertex,2023-12-15 11:12:20.398025
13.529,1108.0,13.545,192.0,Vertex,2023-12-15 11:12:20.398025
13.527,2216.0,13.547,1106.0,Vertex,2023-12-15 11:12:20.398025
13.524,11090.0,13.549,12196.0,Vertex,2023-12-15 11:12:20.398025
13.523,3696.0,13.554,3892.0,Vertex,2023-12-15 11:12:20.398025
13.521,204.0,13.572,220.0,Vertex,2023-12-15 11:12:20.398025
13.491,220.0,13.591,7358.0,Vertex,2023-12-15 11:12:20.398025
13.486,7414.0,13.6,204.0,Vertex,2023-12-15 11:12:20.398025
13.475,204.0,13.793,76.0,Vertex,2023-12-15 11:12:20.398025
13.45,150.0,,,Vertex,2023-12-15 11:12:20.398025
13.4,150.0,,,Vertex,2023-12-15 11:12:20.398025
13.35,150.0,,,Vertex,2023-12-15 11:12:20.398025
13.3,150.0,,,Vertex,2023-12-15 11:12:20.398025
13.25,200.0,,,Vertex,2023-12-15 11:12:20.398025
13.242,74.0,,,Vertex,2023-12-15 11:12:20.398025
13.2,200.0,,,Vertex,2023-12-15 11:12:20.398025
13.15,200.0,,,Vertex,2023-12-15 11:12:20.398025
13.1,200.0,,,Vertex,2023-12-15 11:12:20.398025
13.05,200.0,,,Vertex,2023-12-15 11:12:20.398025
13.0,250.0,,,Vertex,2023-12-15 11:12:20.398025
12.95,250.0,,,Vertex,2023-12-15 11:12:20.398025
12.9,250.0,,,Vertex,2023-12-15 11:12:20.398025
12.85,250.0,,,Vertex,2023-12-15 11:12:20.398025
13.284,440.0,13.289,224.0,Vertex,2023-12-15 12:27:00.919406
13.282,224.0,13.29,440.0,Vertex,2023-12-15 12:27:00.919406
13.28,3582.0,13.291,1128.0,Vertex,2023-12-15 12:27:00.919406
13.274,3766.0,13.293,2452.0,Vertex,2023-12-15 12:27:00.919406
13.271,11280.0,13.295,11280.0,Vertex,2023-12-15 12:27:00.919406
13.25,74.0,13.298,3760.0,Vertex,2023-12-15 12:27:00.919406
13.248,7768.0,13.309,196.0,Vertex,2023-12-15 12:27:00.919406
13.229,208.0,13.326,220.0,Vertex,2023-12-15 12:27:00.919406
13.2,200.0,13.338,7496.0,Vertex,2023-12-15 12:27:00.919406
13.15,200.0,13.349,208.0,Vertex,2023-12-15 12:27:00.919406
13.1,200.0,13.579,76.0,Vertex,2023-12-15 12:27:00.919406
13.05,200.0,,,Vertex,2023-12-15 12:27:00.919406
13.047,74.0,,,Vertex,2023-12-15 12:27:00.919406
13.0,250.0,,,Vertex,2023-12-15 12:27:00.919406
12.95,250.0,,,Vertex,2023-12-15 12:27:00.919406
12.9,250.0,,,Vertex,2023-12-15 12:27:00.919406
12.85,250.0,,,Vertex,2023-12-15 12:27:00.919406
12.8,250.0,,,Vertex,2023-12-15 12:27:00.919406
12.75,300.0,,,Vertex,2023-12-15 12:27:00.919406
12.7,300.0,,,Vertex,2023-12-15 12:27:00.919406
10.022,86.0,,,Vertex,2023-12-15 12:27:00.919406
13.193,110.0,13.194,226.0,Vertex,2023-12-15 13:17:39.091261
13.192,340.0,13.197,2272.0,Vertex,2023-12-15 13:17:39.091261
13.176,136.0,13.198,110.0,Vertex,2023-12-15 13:17:39.091261
13.171,196.0,13.2,340.0,Vertex,2023-12-15 13:17:39.091261
13.148,220.0,13.231,7778.0,Vertex,2023-12-15 13:17:39.091261
13.143,7608.0,13.256,210.0,Vertex,2023-12-15 13:17:39.091261
13.135,210.0,13.428,76.0,Vertex,2023-12-15 13:17:39.091261
13.1,200.0,,,Vertex,2023-12-15 13:17:39.091261
13.05,200.0,,,Vertex,2023-12-15 13:17:39.091261
13.0,250.0,,,Vertex,2023-12-15 13:17:39.091261
12.95,250.0,,,Vertex,2023-12-15 13:17:39.091261
12.915,74.0,,,Vertex,2023-12-15 13:17:39.091261
12.9,250.0,,,Vertex,2023-12-15 13:17:39.091261
12.85,250.0,,,Vertex,2023-12-15 13:17:39.091261
12.8,250.0,,,Vertex,2023-12-15 13:17:39.091261
12.75,300.0,,,Vertex,2023-12-15 13:17:39.091261
12.7,300.0,,,Vertex,2023-12-15 13:17:39.091261
10.022,86.0,,,Vertex,2023-12-15 13:17:39.091261
13.189,566.0,13.194,340.0,Vertex,2023-12-15 14:13:15.271508
13.187,1136.0,13.199,198.0,Vertex,2023-12-15 14:13:15.271508
13.184,198.0,13.202,226.0,Vertex,2023-12-15 14:13:15.271508
13.183,2274.0,13.205,1134.0,Vertex,2023-12-15 14:13:15.271508
13.181,110.0,13.206,110.0,Vertex,2023-12-15 14:13:15.271508
13.179,3990.0,13.208,2270.0,Vertex,2023-12-15 14:13:15.271508
13.17,11400.0,13.211,198.0,Vertex,2023-12-15 14:13:15.271508
13.153,220.0,13.214,11400.0,Vertex,2023-12-15 14:13:15.271508
13.15,7604.0,13.216,3782.0,Vertex,2023-12-15 14:13:15.271508
13.132,210.0,13.231,220.0,Vertex,2023-12-15 14:13:15.271508
12.937,74.0,13.254,210.0,Vertex,2023-12-15 14:13:15.271508
12.9,250.0,13.26,7540.0,Vertex,2023-12-15 14:13:15.271508
12.85,250.0,13.467,76.0,Vertex,2023-12-15 14:13:15.271508
12.8,250.0,,,Vertex,2023-12-15 14:13:15.271508
12.75,300.0,,,Vertex,2023-12-15 14:13:15.271508
12.7,300.0,,,Vertex,2023-12-15 14:13:15.271508
10.022,86.0,,,Vertex,2023-12-15 14:13:15.271508
13.207,110.0,13.211,330.0,Vertex,2023-12-15 15:14:27.010332
13.205,330.0,13.212,336.0,Vertex,2023-12-15 15:14:27.010332
13.203,226.0,13.215,3404.0,Vertex,2023-12-15 15:14:27.010332
13.201,1136.0,13.219,100.0,Vertex,2023-12-15 15:14:27.010332
13.2,11250.0,13.22,3978.0,Vertex,2023-12-15 15:14:27.010332
13.199,2272.0,13.222,11250.0,Vertex,2023-12-15 15:14:27.010332
13.197,196.0,13.247,220.0,Vertex,2023-12-15 15:14:27.010332
13.194,3788.0,13.253,7544.0,Vertex,2023-12-15 15:14:27.010332
13.182,196.0,13.268,210.0,Vertex,2023-12-15 15:14:27.010332
13.163,220.0,13.45,2550.0,Vertex,2023-12-15 15:14:27.010332
13.158,7598.0,13.453,76.0,Vertex,2023-12-15 15:14:27.010332
13.147,210.0,,,Vertex,2023-12-15 15:14:27.010332
13.0,250.0,,,Vertex,2023-12-15 15:14:27.010332
12.95,250.0,,,Vertex,2023-12-15 15:14:27.010332
12.925,74.0,,,Vertex,2023-12-15 15:14:27.010332
12.9,250.0,,,Vertex,2023-12-15 15:14:27.010332
12.85,250.0,,,Vertex,2023-12-15 15:14:27.010332
12.8,250.0,,,Vertex,2023-12-15 15:14:27.010332
12.75,300.0,,,Vertex,2023-12-15 15:14:27.010332
12.7,300.0,,,Vertex,2023-12-15 15:14:27.010332
10.022,86.0,,,Vertex,2023-12-15 15:14:27.010332
13.753,100.0,13.757,330.0,Vertex,2023-12-15 16:18:49.597674
13.751,330.0,13.758,100.0,Vertex,2023-12-15 16:18:49.597674
13.748,408.0,13.76,218.0,Vertex,2023-12-15 16:18:49.597674
13.746,10900.0,13.763,190.0,Vertex,2023-12-15 16:18:49.597674
13.745,1090.0,13.764,1088.0,Vertex,2023-12-15 16:18:49.597674
13.743,2182.0,13.765,2178.0,Vertex,2023-12-15 16:18:49.597674
13.737,3638.0,13.771,3630.0,Vertex,2023-12-15 16:18:49.597674
13.734,190.0,13.772,11090.0,Vertex,2023-12-15 16:18:49.597674
13.709,210.0,13.797,210.0,Vertex,2023-12-15 16:18:49.597674
13.689,200.0,13.809,7240.0,Vertex,2023-12-15 16:18:49.597674
13.685,7306.0,13.818,200.0,Vertex,2023-12-15 16:18:49.597674
13.453,74.0,14.015,76.0,Vertex,2023-12-15 16:18:49.597674
13.1,250.0,,,Vertex,2023-12-15 16:18:49.597674
13.05,250.0,,,Vertex,2023-12-15 16:18:49.597674
13.0,250.0,,,Vertex,2023-12-15 16:18:49.597674
12.95,250.0,,,Vertex,2023-12-15 16:18:49.597674
12.9,250.0,,,Vertex,2023-12-15 16:18:49.597674
12.85,250.0,,,Vertex,2023-12-15 16:18:49.597674
12.8,250.0,,,Vertex,2023-12-15 16:18:49.597674
12.75,300.0,,,Vertex,2023-12-15 16:18:49.597674
12.7,300.0,,,Vertex,2023-12-15 16:18:49.597674
12.65,300.0,,,Vertex,2023-12-15 16:18:49.597674
12.6,300.0,,,Vertex,2023-12-15 16:18:49.597674
12.55,300.0,,,Vertex,2023-12-15 16:18:49.597674
12.5,350.0,,,Vertex,2023-12-15 16:18:49.597674
13.55,330.0,13.557,440.0,Vertex,2023-12-15 17:12:51.391374
13.549,110.0,13.562,220.0,Vertex,2023-12-15 17:12:51.391374
13.546,194.0,13.564,1104.0,Vertex,2023-12-15 17:12:51.391374
13.544,1106.0,13.566,11394.0,Vertex,2023-12-15 17:12:51.391374
13.543,2214.0,13.567,2210.0,Vertex,2023-12-15 17:12:51.391374
13.538,11200.0,13.571,3684.0,Vertex,2023-12-15 17:12:51.391374
13.536,3692.0,13.586,220.0,Vertex,2023-12-15 17:12:51.391374
13.505,220.0,13.601,7352.0,Vertex,2023-12-15 17:12:51.391374
13.489,7616.0,13.613,204.0,Vertex,2023-12-15 17:12:51.391374
13.199,74.0,13.756,76.0,Vertex,2023-12-15 17:12:51.391374
13.1,250.0,13.9,200.0,Vertex,2023-12-15 17:12:51.391374
13.05,250.0,13.95,200.0,Vertex,2023-12-15 17:12:51.391374
13.0,250.0,14.0,200.0,Vertex,2023-12-15 17:12:51.391374
12.95,250.0,14.05,200.0,Vertex,2023-12-15 17:12:51.391374
12.9,250.0,14.1,300.0,Vertex,2023-12-15 17:12:51.391374
12.85,250.0,14.15,300.0,Vertex,2023-12-15 17:12:51.391374
12.8,250.0,14.2,250.0,Vertex,2023-12-15 17:12:51.391374
12.75,300.0,14.25,250.0,Vertex,2023-12-15 17:12:51.391374
12.7,300.0,14.3,300.0,Vertex,2023-12-15 17:12:51.391374
12.65,300.0,,,Vertex,2023-12-15 17:12:51.391374
12.6,300.0,,,Vertex,2023-12-15 17:12:51.391374
12.55,300.0,,,Vertex,2023-12-15 17:12:51.391374
12.5,350.0,,,Vertex,2023-12-15 17:12:51.391374
12.45,350.0,,,Vertex,2023-12-15 17:12:51.391374
12.4,350.0,,,Vertex,2023-12-15 17:12:51.391374
13.532,110.0,13.536,220.0,Vertex,2023-12-15 18:17:54.566438
13.531,330.0,13.538,1546.0,Vertex,2023-12-15 18:17:54.566438
13.528,194.0,13.54,1106.0,Vertex,2023-12-15 18:17:54.566438
13.526,12248.0,13.545,3690.0,Vertex,2023-12-15 18:17:54.566438
13.524,1108.0,13.547,11140.0,Vertex,2023-12-15 18:17:54.566438
13.519,3698.0,13.578,220.0,Vertex,2023-12-15 18:17:54.566438
13.513,194.0,13.585,7360.0,Vertex,2023-12-15 18:17:54.566438
13.489,220.0,13.595,204.0,Vertex,2023-12-15 18:17:54.566438
13.479,7418.0,13.792,76.0,Vertex,2023-12-15 18:17:54.566438
13.472,204.0,13.9,200.0,Vertex,2023-12-15 18:17:54.566438
13.271,74.0,13.95,200.0,Vertex,2023-12-15 18:17:54.566438
13.1,250.0,14.0,200.0,Vertex,2023-12-15 18:17:54.566438
13.05,250.0,14.05,200.0,Vertex,2023-12-15 18:17:54.566438
13.0,250.0,14.1,300.0,Vertex,2023-12-15 18:17:54.566438
12.95,250.0,14.15,300.0,Vertex,2023-12-15 18:17:54.566438
12.9,250.0,14.2,250.0,Vertex,2023-12-15 18:17:54.566438
12.85,250.0,14.25,250.0,Vertex,2023-12-15 18:17:54.566438
12.8,250.0,14.3,300.0,Vertex,2023-12-15 18:17:54.566438
12.75,300.0,,,Vertex,2023-12-15 18:17:54.566438
12.7,300.0,,,Vertex,2023-12-15 18:17:54.566438
12.65,300.0,,,Vertex,2023-12-15 18:17:54.566438
12.6,300.0,,,Vertex,2023-12-15 18:17:54.566438
12.55,300.0,,,Vertex,2023-12-15 18:17:54.566438
12.5,350.0,,,Vertex,2023-12-15 18:17:54.566438
12.45,350.0,,,Vertex,2023-12-15 18:17:54.566438
14.248,210.0,14.252,494.0,Vertex,2023-12-15 19:11:40.982776
14.245,310.0,14.261,100.0,Vertex,2023-12-15 19:11:40.982776
14.244,1052.0,14.267,394.0,Vertex,2023-12-15 19:11:40.982776
14.238,2390.0,14.271,1050.0,Vertex,2023-12-15 19:11:40.982776
14.23,10470.0,14.274,12742.0,Vertex,2023-12-15 19:11:40.982776
14.228,3514.0,14.286,3700.0,Vertex,2023-12-15 19:11:40.982776
14.223,184.0,14.318,194.0,Vertex,2023-12-15 19:11:40.982776
14.205,200.0,14.598,76.0,Vertex,2023-12-15 19:11:40.982776
14.188,194.0,,,Vertex,2023-12-15 19:11:40.982776
14.182,7050.0,,,Vertex,2023-12-15 19:11:40.982776
13.976,74.0,,,Vertex,2023-12-15 19:11:40.982776
13.1,250.0,,,Vertex,2023-12-15 19:11:40.982776
13.05,250.0,,,Vertex,2023-12-15 19:11:40.982776
13.0,250.0,,,Vertex,2023-12-15 19:11:40.982776
12.95,250.0,,,Vertex,2023-12-15 19:11:40.982776
12.9,250.0,,,Vertex,2023-12-15 19:11:40.982776
12.85,250.0,,,Vertex,2023-12-15 19:11:40.982776
12.8,250.0,,,Vertex,2023-12-15 19:11:40.982776
12.75,300.0,,,Vertex,2023-12-15 19:11:40.982776
12.7,300.0,,,Vertex,2023-12-15 19:11:40.982776
12.65,300.0,,,Vertex,2023-12-15 19:11:40.982776
12.6,300.0,,,Vertex,2023-12-15 19:11:40.982776
12.55,300.0,,,Vertex,2023-12-15 19:11:40.982776
12.5,350.0,,,Vertex,2023-12-15 19:11:40.982776
12.45,350.0,,,Vertex,2023-12-15 19:11:40.982776
14.36,310.0,14.365,208.0,Vertex,2023-12-15 20:15:05.492257
14.358,208.0,14.366,1044.0,Vertex,2023-12-15 20:15:05.492257
14.357,2088.0,14.367,310.0,Vertex,2023-12-15 20:15:05.492257
14.356,100.0,14.375,100.0,Vertex,2023-12-15 20:15:05.492257
14.355,2270.0,14.39,10440.0,Vertex,2023-12-15 20:15:05.492257
14.35,10440.0,14.408,200.0,Vertex,2023-12-15 20:15:05.492257
14.349,3484.0,14.43,192.0,Vertex,2023-12-15 20:15:05.492257
14.344,182.0,14.489,26.0,Vertex,2023-12-15 20:15:05.492257
14.318,200.0,14.629,76.0,Vertex,2023-12-15 20:15:05.492257
14.312,6986.0,,,Vertex,2023-12-15 20:15:05.492257
14.297,192.0,,,Vertex,2023-12-15 20:15:05.492257
14.212,100.0,,,Vertex,2023-12-15 20:15:05.492257
14.063,74.0,,,Vertex,2023-12-15 20:15:05.492257
13.1,250.0,,,Vertex,2023-12-15 20:15:05.492257
13.05,250.0,,,Vertex,2023-12-15 20:15:05.492257
13.0,250.0,,,Vertex,2023-12-15 20:15:05.492257
12.95,250.0,,,Vertex,2023-12-15 20:15:05.492257
12.9,250.0,,,Vertex,2023-12-15 20:15:05.492257
12.85,250.0,,,Vertex,2023-12-15 20:15:05.492257
12.8,250.0,,,Vertex,2023-12-15 20:15:05.492257
12.75,300.0,,,Vertex,2023-12-15 20:15:05.492257
12.7,300.0,,,Vertex,2023-12-15 20:15:05.492257
12.65,300.0,,,Vertex,2023-12-15 20:15:05.492257
12.6,300.0,,,Vertex,2023-12-15 20:15:05.492257
12.55,300.0,,,Vertex,2023-12-15 20:15:05.492257
14.239,210.0,14.243,100.0,Vertex,2023-12-15 21:12:15.592673
14.238,1462.0,14.244,210.0,Vertex,2023-12-15 21:12:15.592673
14.236,2106.0,14.245,11912.0,Vertex,2023-12-15 21:12:15.592673
14.234,184.0,14.247,2104.0,Vertex,2023-12-15 21:12:15.592673
14.23,3512.0,14.25,184.0,Vertex,2023-12-15 21:12:15.592673
14.219,184.0,14.251,3508.0,Vertex,2023-12-15 21:12:15.592673
14.191,7256.0,14.26,184.0,Vertex,2023-12-15 21:12:15.592673
14.172,194.0,14.285,210.0,Vertex,2023-12-15 21:12:15.592673
13.914,74.0,14.286,6998.0,Vertex,2023-12-15 21:12:15.592673
13.1,250.0,14.306,194.0,Vertex,2023-12-15 21:12:15.592673
13.05,250.0,14.44,500.0,Vertex,2023-12-15 21:12:15.592673
13.0,250.0,14.462,76.0,Vertex,2023-12-15 21:12:15.592673
12.95,250.0,14.489,26.0,Vertex,2023-12-15 21:12:15.592673
12.9,250.0,,,Vertex,2023-12-15 21:12:15.592673
12.85,250.0,,,Vertex,2023-12-15 21:12:15.592673
12.8,250.0,,,Vertex,2023-12-15 21:12:15.592673
12.75,300.0,,,Vertex,2023-12-15 21:12:15.592673
12.7,300.0,,,Vertex,2023-12-15 21:12:15.592673
12.65,300.0,,,Vertex,2023-12-15 21:12:15.592673
12.6,300.0,,,Vertex,2023-12-15 21:12:15.592673
12.55,300.0,,,Vertex,2023-12-15 21:12:15.592673
12.5,350.0,,,Vertex,2023-12-15 21:12:15.592673
12.45,350.0,,,Vertex,2023-12-15 21:12:15.592673
12.4,350.0,,,Vertex,2023-12-15 21:12:15.592673
12.35,350.0,,,Vertex,2023-12-15 21:12:15.592673
14.052,100.0,14.058,320.0,Vertex,2023-12-15 22:13:07.601768
14.051,320.0,14.06,100.0,Vertex,2023-12-15 22:13:07.601768
14.05,212.0,14.069,212.0,Vertex,2023-12-15 22:13:07.601768
14.045,1066.0,14.07,10700.0,Vertex,2023-12-15 22:13:07.601768
14.042,10886.0,14.074,1064.0,Vertex,2023-12-15 22:13:07.601768
14.041,2136.0,14.078,96.0,Vertex,2023-12-15 22:13:07.601768
14.034,3562.0,14.095,210.0,Vertex,2023-12-15 22:13:07.601768
14.03,186.0,14.119,196.0,Vertex,2023-12-15 22:13:07.601768
14.012,210.0,14.381,76.0,Vertex,2023-12-15 22:13:07.601768
13.993,196.0,14.87,26.0,Vertex,2023-12-15 22:13:07.601768
13.988,7148.0,,,Vertex,2023-12-15 22:13:07.601768
13.765,74.0,,,Vertex,2023-12-15 22:13:07.601768
13.1,250.0,,,Vertex,2023-12-15 22:13:07.601768
13.05,250.0,,,Vertex,2023-12-15 22:13:07.601768
13.0,250.0,,,Vertex,2023-12-15 22:13:07.601768
12.95,250.0,,,Vertex,2023-12-15 22:13:07.601768
12.9,250.0,,,Vertex,2023-12-15 22:13:07.601768
12.85,250.0,,,Vertex,2023-12-15 22:13:07.601768
12.8,250.0,,,Vertex,2023-12-15 22:13:07.601768
12.75,300.0,,,Vertex,2023-12-15 22:13:07.601768
12.7,300.0,,,Vertex,2023-12-15 22:13:07.601768
12.65,300.0,,,Vertex,2023-12-15 22:13:07.601768
12.6,300.0,,,Vertex,2023-12-15 22:13:07.601768
12.55,300.0,,,Vertex,2023-12-15 22:13:07.601768
12.5,350.0,,,Vertex,2023-12-15 22:13:07.601768
13.674,218.0,13.677,420.0,Vertex,2023-12-15 23:13:45.738270
13.673,1096.0,13.678,408.0,Vertex,2023-12-15 23:13:45.738270
13.671,2194.0,13.679,1096.0,Vertex,2023-12-15 23:13:45.738270
13.67,420.0,13.68,1096.0,Vertex,2023-12-15 23:13:45.738270
13.667,3658.0,13.681,10990.0,Vertex,2023-12-15 23:13:45.738270
13.665,380.0,13.686,3652.0,Vertex,2023-12-15 23:13:45.738270
13.656,10990.0,13.694,190.0,Vertex,2023-12-15 23:13:45.738270
13.635,7332.0,13.711,210.0,Vertex,2023-12-15 23:13:45.738270
13.622,210.0,13.733,7282.0,Vertex,2023-12-15 23:13:45.738270
13.614,202.0,13.739,202.0,Vertex,2023-12-15 23:13:45.738270
13.392,74.0,13.939,76.0,Vertex,2023-12-15 23:13:45.738270
13.1,250.0,14.87,26.0,Vertex,2023-12-15 23:13:45.738270
13.05,250.0,,,Vertex,2023-12-15 23:13:45.738270
13.0,250.0,,,Vertex,2023-12-15 23:13:45.738270
12.95,250.0,,,Vertex,2023-12-15 23:13:45.738270
12.9,250.0,,,Vertex,2023-12-15 23:13:45.738270
12.85,250.0,,,Vertex,2023-12-15 23:13:45.738270
12.8,250.0,,,Vertex,2023-12-15 23:13:45.738270
12.75,300.0,,,Vertex,2023-12-15 23:13:45.738270
12.7,300.0,,,Vertex,2023-12-15 23:13:45.738270
12.65,300.0,,,Vertex,2023-12-15 23:13:45.738270
12.6,300.0,,,Vertex,2023-12-15 23:13:45.738270
12.56,50.0,,,Vertex,2023-12-15 23:13:45.738270
12.55,300.0,,,Vertex,2023-12-15 23:13:45.738270
12.5,350.0,,,Vertex,2023-12-15 23:13:45.738270
13.156,340.0,13.16,110.0,Vertex,2023-12-16 01:03:12.241053
13.153,110.0,13.163,340.0,Vertex,2023-12-16 01:03:12.241053
13.149,3802.0,13.165,226.0,Vertex,2023-12-16 01:03:12.241053
13.145,11420.0,13.167,3416.0,Vertex,2023-12-16 01:03:12.241053
13.112,7846.0,13.168,11420.0,Vertex,2023-12-16 01:03:12.241053
13.096,210.0,13.173,198.0,Vertex,2023-12-16 01:03:12.241053
12.891,74.0,13.174,3794.0,Vertex,2023-12-16 01:03:12.241053
12.7,300.0,13.187,220.0,Vertex,2023-12-16 01:03:12.241053
12.65,300.0,13.21,7570.0,Vertex,2023-12-16 01:03:12.241053
12.6,300.0,13.215,210.0,Vertex,2023-12-16 01:03:12.241053
12.56,50.0,13.417,76.0,Vertex,2023-12-16 01:03:12.241053
12.55,300.0,14.87,26.0,Vertex,2023-12-16 01:03:12.241053
12.5,350.0,,,Vertex,2023-12-16 01:03:12.241053
12.45,350.0,,,Vertex,2023-12-16 01:03:12.241053
12.4,350.0,,,Vertex,2023-12-16 01:03:12.241053
12.35,350.0,,,Vertex,2023-12-16 01:03:12.241053
12.3,350.0,,,Vertex,2023-12-16 01:03:12.241053
12.25,400.0,,,Vertex,2023-12-16 01:03:12.241053
12.2,400.0,,,Vertex,2023-12-16 01:03:12.241053
12.15,400.0,,,Vertex,2023-12-16 01:03:12.241053
12.1,400.0,,,Vertex,2023-12-16 01:03:12.241053
12.05,400.0,,,Vertex,2023-12-16 01:03:12.241053
10.022,86.0,,,Vertex,2023-12-16 01:03:12.241053
13.253,440.0,13.258,440.0,Vertex,2023-12-16 02:24:50.785144
13.247,226.0,13.265,196.0,Vertex,2023-12-16 02:24:50.785144
13.244,1132.0,13.267,11506.0,Vertex,2023-12-16 02:24:50.785144
13.242,196.0,13.272,2456.0,Vertex,2023-12-16 02:24:50.785144
13.24,13544.0,13.277,3766.0,Vertex,2023-12-16 02:24:50.785144
13.234,3974.0,13.283,3764.0,Vertex,2023-12-16 02:24:50.785144
13.207,220.0,13.286,220.0,Vertex,2023-12-16 02:24:50.785144
13.196,208.0,13.319,7508.0,Vertex,2023-12-16 02:24:50.785144
13.185,7582.0,13.32,208.0,Vertex,2023-12-16 02:24:50.785144
12.961,74.0,13.513,76.0,Vertex,2023-12-16 02:24:50.785144
12.7,300.0,14.87,26.0,Vertex,2023-12-16 02:24:50.785144
12.65,300.0,,,Vertex,2023-12-16 02:24:50.785144
12.6,300.0,,,Vertex,2023-12-16 02:24:50.785144
12.56,50.0,,,Vertex,2023-12-16 02:24:50.785144
12.55,300.0,,,Vertex,2023-12-16 02:24:50.785144
12.5,350.0,,,Vertex,2023-12-16 02:24:50.785144
12.45,350.0,,,Vertex,2023-12-16 02:24:50.785144
12.4,350.0,,,Vertex,2023-12-16 02:24:50.785144
12.35,350.0,,,Vertex,2023-12-16 02:24:50.785144
12.3,350.0,,,Vertex,2023-12-16 02:24:50.785144
12.25,400.0,,,Vertex,2023-12-16 02:24:50.785144
12.2,400.0,,,Vertex,2023-12-16 02:24:50.785144
12.15,400.0,,,Vertex,2023-12-16 02:24:50.785144
12.1,400.0,,,Vertex,2023-12-16 02:24:50.785144
12.05,400.0,,,Vertex,2023-12-16 02:24:50.785144
13.532,330.0,13.539,220.0,Vertex,2023-12-16 03:14:19.830964
13.531,220.0,13.54,440.0,Vertex,2023-12-16 03:14:19.830964
13.53,110.0,13.541,1106.0,Vertex,2023-12-16 03:14:19.830964
13.528,1108.0,13.543,2214.0,Vertex,2023-12-16 03:14:19.830964
13.526,2216.0,13.546,11070.0,Vertex,2023-12-16 03:14:19.830964
13.522,3696.0,13.548,3690.0,Vertex,2023-12-16 03:14:19.830964
13.521,192.0,13.571,220.0,Vertex,2023-12-16 03:14:19.830964
13.52,11070.0,13.588,7358.0,Vertex,2023-12-16 03:14:19.830964
13.511,194.0,13.599,204.0,Vertex,2023-12-16 03:14:19.830964
13.493,220.0,13.786,76.0,Vertex,2023-12-16 03:14:19.830964
13.483,7416.0,14.87,26.0,Vertex,2023-12-16 03:14:19.830964
13.476,204.0,,,Vertex,2023-12-16 03:14:19.830964
13.24,74.0,,,Vertex,2023-12-16 03:14:19.830964
12.7,300.0,,,Vertex,2023-12-16 03:14:19.830964
12.65,300.0,,,Vertex,2023-12-16 03:14:19.830964
12.6,300.0,,,Vertex,2023-12-16 03:14:19.830964
12.56,50.0,,,Vertex,2023-12-16 03:14:19.830964
12.55,300.0,,,Vertex,2023-12-16 03:14:19.830964
12.5,350.0,,,Vertex,2023-12-16 03:14:19.830964
12.45,350.0,,,Vertex,2023-12-16 03:14:19.830964
12.4,350.0,,,Vertex,2023-12-16 03:14:19.830964
12.35,350.0,,,Vertex,2023-12-16 03:14:19.830964
12.3,350.0,,,Vertex,2023-12-16 03:14:19.830964
12.25,400.0,,,Vertex,2023-12-16 03:14:19.830964
12.2,400.0,,,Vertex,2023-12-16 03:14:19.830964
13.618,110.0,13.627,330.0,Vertex,2023-12-16 04:16:37.995654
13.616,330.0,13.631,110.0,Vertex,2023-12-16 04:16:37.995654
13.615,192.0,13.636,220.0,Vertex,2023-12-16 04:16:37.995654
13.609,220.0,13.638,12228.0,Vertex,2023-12-16 04:16:37.995654
13.608,192.0,13.642,3664.0,Vertex,2023-12-16 04:16:37.995654
13.606,1102.0,13.651,3662.0,Vertex,2023-12-16 04:16:37.995654
13.605,11130.0,13.654,220.0,Vertex,2023-12-16 04:16:37.995654
13.598,2206.0,13.667,60.0,Vertex,2023-12-16 04:16:37.995654
13.589,3678.0,13.685,202.0,Vertex,2023-12-16 04:16:37.995654
13.583,220.0,13.693,7302.0,Vertex,2023-12-16 04:16:37.995654
13.558,202.0,13.834,76.0,Vertex,2023-12-16 04:16:37.995654
13.522,7394.0,14.87,26.0,Vertex,2023-12-16 04:16:37.995654
13.292,74.0,,,Vertex,2023-12-16 04:16:37.995654
12.76,3288.0,,,Vertex,2023-12-16 04:16:37.995654
12.7,300.0,,,Vertex,2023-12-16 04:16:37.995654
12.65,300.0,,,Vertex,2023-12-16 04:16:37.995654
12.6,300.0,,,Vertex,2023-12-16 04:16:37.995654
12.56,50.0,,,Vertex,2023-12-16 04:16:37.995654
12.55,300.0,,,Vertex,2023-12-16 04:16:37.995654
12.5,350.0,,,Vertex,2023-12-16 04:16:37.995654
12.45,350.0,,,Vertex,2023-12-16 04:16:37.995654
12.4,350.0,,,Vertex,2023-12-16 04:16:37.995654
12.35,350.0,,,Vertex,2023-12-16 04:16:37.995654
12.3,350.0,,,Vertex,2023-12-16 04:16:37.995654
12.25,400.0,,,Vertex,2023-12-16 04:16:37.995654
13.436,110.0,13.441,662.0,Vertex,2023-12-16 05:12:54.510532
13.435,552.0,13.443,1114.0,Vertex,2023-12-16 05:12:54.510532
13.433,1116.0,13.444,2230.0,Vertex,2023-12-16 05:12:54.510532
13.431,2232.0,13.45,14906.0,Vertex,2023-12-16 05:12:54.510532
13.429,194.0,13.452,194.0,Vertex,2023-12-16 05:12:54.510532
13.425,14914.0,13.461,194.0,Vertex,2023-12-16 05:12:54.510532
13.422,194.0,13.476,220.0,Vertex,2023-12-16 05:12:54.510532
13.391,220.0,13.487,7414.0,Vertex,2023-12-16 05:12:54.510532
13.39,7466.0,13.497,206.0,Vertex,2023-12-16 05:12:54.510532
13.376,206.0,13.715,76.0,Vertex,2023-12-16 05:12:54.510532
13.183,74.0,14.87,26.0,Vertex,2023-12-16 05:12:54.510532
12.76,3288.0,,,Vertex,2023-12-16 05:12:54.510532
12.7,300.0,,,Vertex,2023-12-16 05:12:54.510532
12.65,300.0,,,Vertex,2023-12-16 05:12:54.510532
12.6,300.0,,,Vertex,2023-12-16 05:12:54.510532
12.56,50.0,,,Vertex,2023-12-16 05:12:54.510532
12.55,300.0,,,Vertex,2023-12-16 05:12:54.510532
12.5,350.0,,,Vertex,2023-12-16 05:12:54.510532
12.45,350.0,,,Vertex,2023-12-16 05:12:54.510532
12.4,350.0,,,Vertex,2023-12-16 05:12:54.510532
12.35,350.0,,,Vertex,2023-12-16 05:12:54.510532
12.3,350.0,,,Vertex,2023-12-16 05:12:54.510532
12.25,400.0,,,Vertex,2023-12-16 05:12:54.510532
12.2,400.0,,,Vertex,2023-12-16 05:12:54.510532
12.15,400.0,,,Vertex,2023-12-16 05:12:54.510532
13.468,330.0,13.471,110.0,Vertex,2023-12-16 06:17:11.438714
13.466,222.0,13.473,222.0,Vertex,2023-12-16 06:17:11.438714
13.465,110.0,13.474,1442.0,Vertex,2023-12-16 06:17:11.438714
13.458,11100.0,13.476,2226.0,Vertex,2023-12-16 06:17:11.438714
13.457,3714.0,13.48,14808.0,Vertex,2023-12-16 06:17:11.438714
13.42,220.0,13.485,194.0,Vertex,2023-12-16 06:17:11.438714
13.413,7454.0,13.499,220.0,Vertex,2023-12-16 06:17:11.438714
13.404,206.0,13.513,7400.0,Vertex,2023-12-16 06:17:11.438714
13.19,74.0,13.53,206.0,Vertex,2023-12-16 06:17:11.438714
12.76,3288.0,13.721,76.0,Vertex,2023-12-16 06:17:11.438714
12.7,300.0,14.87,26.0,Vertex,2023-12-16 06:17:11.438714
12.65,300.0,,,Vertex,2023-12-16 06:17:11.438714
12.6,300.0,,,Vertex,2023-12-16 06:17:11.438714
12.56,50.0,,,Vertex,2023-12-16 06:17:11.438714
12.55,300.0,,,Vertex,2023-12-16 06:17:11.438714
12.5,350.0,,,Vertex,2023-12-16 06:17:11.438714
12.45,350.0,,,Vertex,2023-12-16 06:17:11.438714
12.4,350.0,,,Vertex,2023-12-16 06:17:11.438714
12.35,350.0,,,Vertex,2023-12-16 06:17:11.438714
12.3,350.0,,,Vertex,2023-12-16 06:17:11.438714
12.25,400.0,,,Vertex,2023-12-16 06:17:11.438714
12.2,400.0,,,Vertex,2023-12-16 06:17:11.438714
12.15,400.0,,,Vertex,2023-12-16 06:17:11.438714
12.1,400.0,,,Vertex,2023-12-16 06:17:11.438714
12.05,400.0,,,Vertex,2023-12-16 06:17:11.438714
13.65,218.0,13.654,100.0,Vertex,2023-12-16 07:12:23.558482
13.649,2516.0,13.656,538.0,Vertex,2023-12-16 07:12:23.558482
13.648,2298.0,13.657,1098.0,Vertex,2023-12-16 07:12:23.558482
13.643,3664.0,13.658,2196.0,Vertex,2023-12-16 07:12:23.558482
13.64,190.0,13.662,11160.0,Vertex,2023-12-16 07:12:23.558482
13.638,10970.0,13.663,3658.0,Vertex,2023-12-16 07:12:23.558482
13.631,190.0,13.669,190.0,Vertex,2023-12-16 07:12:23.558482
13.609,210.0,13.688,210.0,Vertex,2023-12-16 07:12:23.558482
13.605,7348.0,13.703,7296.0,Vertex,2023-12-16 07:12:23.558482
13.59,202.0,13.716,202.0,Vertex,2023-12-16 07:12:23.558482
13.379,74.0,13.901,76.0,Vertex,2023-12-16 07:12:23.558482
12.76,3288.0,14.87,26.0,Vertex,2023-12-16 07:12:23.558482
12.7,300.0,,,Vertex,2023-12-16 07:12:23.558482
12.65,300.0,,,Vertex,2023-12-16 07:12:23.558482
12.6,300.0,,,Vertex,2023-12-16 07:12:23.558482
12.56,50.0,,,Vertex,2023-12-16 07:12:23.558482
12.55,300.0,,,Vertex,2023-12-16 07:12:23.558482
12.5,350.0,,,Vertex,2023-12-16 07:12:23.558482
12.45,350.0,,,Vertex,2023-12-16 07:12:23.558482
12.4,350.0,,,Vertex,2023-12-16 07:12:23.558482
12.35,350.0,,,Vertex,2023-12-16 07:12:23.558482
12.3,350.0,,,Vertex,2023-12-16 07:12:23.558482
12.25,400.0,,,Vertex,2023-12-16 07:12:23.558482
12.2,400.0,,,Vertex,2023-12-16 07:12:23.558482
12.15,400.0,,,Vertex,2023-12-16 07:12:23.558482
13.762,316.0,13.767,420.0,Vertex,2023-12-16 08:16:35.019770
13.76,1090.0,13.768,216.0,Vertex,2023-12-16 08:16:35.019770
13.759,1410.0,13.769,1088.0,Vertex,2023-12-16 08:16:35.019770
13.757,190.0,13.77,2178.0,Vertex,2023-12-16 08:16:35.019770
13.754,3634.0,13.774,3630.0,Vertex,2023-12-16 08:16:35.019770
13.75,10910.0,13.776,10910.0,Vertex,2023-12-16 08:16:35.019770
13.748,190.0,13.779,190.0,Vertex,2023-12-16 08:16:35.019770
13.72,7498.0,13.78,190.0,Vertex,2023-12-16 08:16:35.019770
13.699,200.0,13.799,210.0,Vertex,2023-12-16 08:16:35.019770
13.47,74.0,13.808,7242.0,Vertex,2023-12-16 08:16:35.019770
12.76,3288.0,13.825,200.0,Vertex,2023-12-16 08:16:35.019770
12.7,300.0,14.012,76.0,Vertex,2023-12-16 08:16:35.019770
12.65,300.0,14.87,26.0,Vertex,2023-12-16 08:16:35.019770
12.6,300.0,,,Vertex,2023-12-16 08:16:35.019770
12.56,50.0,,,Vertex,2023-12-16 08:16:35.019770
12.55,300.0,,,Vertex,2023-12-16 08:16:35.019770
12.5,3278.0,,,Vertex,2023-12-16 08:16:35.019770
12.45,350.0,,,Vertex,2023-12-16 08:16:35.019770
12.4,350.0,,,Vertex,2023-12-16 08:16:35.019770
12.35,350.0,,,Vertex,2023-12-16 08:16:35.019770
12.3,350.0,,,Vertex,2023-12-16 08:16:35.019770
12.25,400.0,,,Vertex,2023-12-16 08:16:35.019770
12.2,400.0,,,Vertex,2023-12-16 08:16:35.019770
12.15,400.0,,,Vertex,2023-12-16 08:16:35.019770
12.1,400.0,,,Vertex,2023-12-16 08:16:35.019770
13.941,320.0,13.949,320.0,Vertex,2023-12-16 09:12:55.729867
13.936,2152.0,13.951,100.0,Vertex,2023-12-16 09:12:55.729867
13.935,100.0,13.959,1074.0,Vertex,2023-12-16 09:12:55.729867
13.931,3588.0,13.96,10988.0,Vertex,2023-12-16 09:12:55.729867
13.927,188.0,13.963,1074.0,Vertex,2023-12-16 09:12:55.729867
13.926,3590.0,13.97,3578.0,Vertex,2023-12-16 09:12:55.729867
13.923,10800.0,13.974,210.0,Vertex,2023-12-16 09:12:55.729867
13.892,210.0,14.009,198.0,Vertex,2023-12-16 09:12:55.729867
13.885,198.0,14.027,7128.0,Vertex,2023-12-16 09:12:55.729867
13.884,7202.0,14.175,76.0,Vertex,2023-12-16 09:12:55.729867
13.635,74.0,14.87,26.0,Vertex,2023-12-16 09:12:55.729867
12.76,3288.0,,,Vertex,2023-12-16 09:12:55.729867
12.7,300.0,,,Vertex,2023-12-16 09:12:55.729867
12.65,300.0,,,Vertex,2023-12-16 09:12:55.729867
12.6,300.0,,,Vertex,2023-12-16 09:12:55.729867
12.56,50.0,,,Vertex,2023-12-16 09:12:55.729867
12.55,300.0,,,Vertex,2023-12-16 09:12:55.729867
12.5,3278.0,,,Vertex,2023-12-16 09:12:55.729867
12.45,350.0,,,Vertex,2023-12-16 09:12:55.729867
12.4,350.0,,,Vertex,2023-12-16 09:12:55.729867
12.35,350.0,,,Vertex,2023-12-16 09:12:55.729867
12.3,350.0,,,Vertex,2023-12-16 09:12:55.729867
12.25,400.0,,,Vertex,2023-12-16 09:12:55.729867
12.2,400.0,,,Vertex,2023-12-16 09:12:55.729867
12.15,400.0,,,Vertex,2023-12-16 09:12:55.729867
13.737,100.0,13.743,638.0,Vertex,2023-12-16 10:13:41.951463
13.735,218.0,13.745,1090.0,Vertex,2023-12-16 10:13:41.951463
13.734,320.0,13.746,1090.0,Vertex,2023-12-16 10:13:41.951463
13.733,1092.0,13.751,3636.0,Vertex,2023-12-16 10:13:41.951463
13.732,2184.0,13.754,10870.0,Vertex,2023-12-16 10:13:41.951463
13.73,188.0,13.755,188.0,Vertex,2023-12-16 10:13:41.951463
13.727,14512.0,13.757,188.0,Vertex,2023-12-16 10:13:41.951463
13.719,188.0,13.775,210.0,Vertex,2023-12-16 10:13:41.951463
13.694,7510.0,13.795,7248.0,Vertex,2023-12-16 10:13:41.951463
13.679,202.0,13.805,202.0,Vertex,2023-12-16 10:13:41.951463
13.457,74.0,14.008,76.0,Vertex,2023-12-16 10:13:41.951463
12.76,3288.0,14.87,26.0,Vertex,2023-12-16 10:13:41.951463
12.7,300.0,,,Vertex,2023-12-16 10:13:41.951463
12.65,300.0,,,Vertex,2023-12-16 10:13:41.951463
12.6,300.0,,,Vertex,2023-12-16 10:13:41.951463
12.56,50.0,,,Vertex,2023-12-16 10:13:41.951463
12.55,300.0,,,Vertex,2023-12-16 10:13:41.951463
12.5,3278.0,,,Vertex,2023-12-16 10:13:41.951463
12.45,350.0,,,Vertex,2023-12-16 10:13:41.951463
12.4,350.0,,,Vertex,2023-12-16 10:13:41.951463
12.35,350.0,,,Vertex,2023-12-16 10:13:41.951463
12.3,350.0,,,Vertex,2023-12-16 10:13:41.951463
12.25,400.0,,,Vertex,2023-12-16 10:13:41.951463
12.2,400.0,,,Vertex,2023-12-16 10:13:41.951463
12.15,400.0,,,Vertex,2023-12-16 10:13:41.951463
13.722,320.0,13.729,218.0,Vertex,2023-12-16 11:10:59.120374
13.719,218.0,13.731,420.0,Vertex,2023-12-16 11:10:59.120374
13.718,1092.0,13.732,1092.0,Vertex,2023-12-16 11:10:59.120374
13.717,100.0,13.734,2184.0,Vertex,2023-12-16 11:10:59.120374
13.715,2186.0,13.735,10910.0,Vertex,2023-12-16 11:10:59.120374
13.714,188.0,13.739,3638.0,Vertex,2023-12-16 11:10:59.120374
13.712,3646.0,13.741,188.0,Vertex,2023-12-16 11:10:59.120374
13.704,188.0,13.76,210.0,Vertex,2023-12-16 11:10:59.120374
13.702,10910.0,13.781,7256.0,Vertex,2023-12-16 11:10:59.120374
13.683,7516.0,13.789,202.0,Vertex,2023-12-16 11:10:59.120374
13.665,202.0,14.021,76.0,Vertex,2023-12-16 11:10:59.120374
13.448,74.0,14.3,250.0,Vertex,2023-12-16 11:10:59.120374
12.76,3288.0,14.87,26.0,Vertex,2023-12-16 11:10:59.120374
12.7,300.0,,,Vertex,2023-12-16 11:10:59.120374
12.65,300.0,,,Vertex,2023-12-16 11:10:59.120374
12.6,300.0,,,Vertex,2023-12-16 11:10:59.120374
12.56,50.0,,,Vertex,2023-12-16 11:10:59.120374
12.55,300.0,,,Vertex,2023-12-16 11:10:59.120374
12.5,3278.0,,,Vertex,2023-12-16 11:10:59.120374
12.45,350.0,,,Vertex,2023-12-16 11:10:59.120374
12.4,350.0,,,Vertex,2023-12-16 11:10:59.120374
12.35,350.0,,,Vertex,2023-12-16 11:10:59.120374
12.3,350.0,,,Vertex,2023-12-16 11:10:59.120374
12.25,400.0,,,Vertex,2023-12-16 11:10:59.120374
12.2,400.0,,,Vertex,2023-12-16 11:10:59.120374
13.743,420.0,13.748,318.0,Vertex,2023-12-16 12:24:32.068204
13.742,218.0,13.749,320.0,Vertex,2023-12-16 12:24:32.068204
13.741,1090.0,13.751,1090.0,Vertex,2023-12-16 12:24:32.068204
13.739,2182.0,13.754,10820.0,Vertex,2023-12-16 12:24:32.068204
13.735,188.0,13.756,3634.0,Vertex,2023-12-16 12:24:32.068204
13.734,14460.0,13.757,188.0,Vertex,2023-12-16 12:24:32.068204
13.725,188.0,13.764,188.0,Vertex,2023-12-16 12:24:32.068204
13.71,7292.0,13.783,210.0,Vertex,2023-12-16 12:24:32.068204
13.697,210.0,13.804,7244.0,Vertex,2023-12-16 12:24:32.068204
13.683,202.0,13.809,202.0,Vertex,2023-12-16 12:24:32.068204
13.485,74.0,14.025,76.0,Vertex,2023-12-16 12:24:32.068204
12.76,3288.0,14.3,250.0,Vertex,2023-12-16 12:24:32.068204
12.7,300.0,14.87,26.0,Vertex,2023-12-16 12:24:32.068204
12.65,300.0,,,Vertex,2023-12-16 12:24:32.068204
12.6,300.0,,,Vertex,2023-12-16 12:24:32.068204
12.56,50.0,,,Vertex,2023-12-16 12:24:32.068204
12.55,300.0,,,Vertex,2023-12-16 12:24:32.068204
12.5,3278.0,,,Vertex,2023-12-16 12:24:32.068204
12.45,350.0,,,Vertex,2023-12-16 12:24:32.068204
12.4,350.0,,,Vertex,2023-12-16 12:24:32.068204
12.35,350.0,,,Vertex,2023-12-16 12:24:32.068204
12.3,350.0,,,Vertex,2023-12-16 12:24:32.068204
12.25,400.0,,,Vertex,2023-12-16 12:24:32.068204
12.2,400.0,,,Vertex,2023-12-16 12:24:32.068204
12.15,400.0,,,Vertex,2023-12-16 12:24:32.068204
13.785,420.0,13.789,100.0,Vertex,2023-12-16 13:15:05.314465
13.781,216.0,13.791,216.0,Vertex,2023-12-16 13:15:05.314465
13.779,2176.0,13.794,1406.0,Vertex,2023-12-16 13:15:05.314465
13.777,2176.0,13.796,2174.0,Vertex,2023-12-16 13:15:05.314465
13.776,10870.0,13.797,188.0,Vertex,2023-12-16 13:15:05.314465
13.774,188.0,13.8,10870.0,Vertex,2023-12-16 13:15:05.314465
13.773,3630.0,13.803,3622.0,Vertex,2023-12-16 13:15:05.314465
13.767,188.0,13.825,210.0,Vertex,2023-12-16 13:15:05.314465
13.747,7482.0,13.843,7224.0,Vertex,2023-12-16 13:15:05.314465
13.726,200.0,13.85,200.0,Vertex,2023-12-16 13:15:05.314465
13.511,74.0,14.079,76.0,Vertex,2023-12-16 13:15:05.314465
12.76,3288.0,14.3,250.0,Vertex,2023-12-16 13:15:05.314465
12.7,300.0,14.87,26.0,Vertex,2023-12-16 13:15:05.314465
12.65,300.0,,,Vertex,2023-12-16 13:15:05.314465
12.6,300.0,,,Vertex,2023-12-16 13:15:05.314465
12.56,50.0,,,Vertex,2023-12-16 13:15:05.314465
12.55,300.0,,,Vertex,2023-12-16 13:15:05.314465
12.5,3278.0,,,Vertex,2023-12-16 13:15:05.314465
12.45,350.0,,,Vertex,2023-12-16 13:15:05.314465
12.4,350.0,,,Vertex,2023-12-16 13:15:05.314465
12.35,350.0,,,Vertex,2023-12-16 13:15:05.314465
12.3,350.0,,,Vertex,2023-12-16 13:15:05.314465
12.25,400.0,,,Vertex,2023-12-16 13:15:05.314465
12.2,400.0,,,Vertex,2023-12-16 13:15:05.314465
12.15,400.0,,,Vertex,2023-12-16 13:15:05.314465
13.741,320.0,13.746,320.0,Vertex,2023-12-16 14:12:48.127118
13.739,1090.0,13.753,290.0,Vertex,2023-12-16 14:12:48.127118
13.738,2182.0,13.758,1090.0,Vertex,2023-12-16 14:12:48.127118
13.734,100.0,13.76,2368.0,Vertex,2023-12-16 14:12:48.127118
13.732,3640.0,13.763,10940.0,Vertex,2023-12-16 14:12:48.127118
13.731,190.0,13.766,3632.0,Vertex,2023-12-16 14:12:48.127118
13.723,11128.0,13.775,210.0,Vertex,2023-12-16 14:12:48.127118
13.694,210.0,13.795,7248.0,Vertex,2023-12-16 14:12:48.127118
13.688,7304.0,13.809,202.0,Vertex,2023-12-16 14:12:48.127118
13.681,202.0,14.013,76.0,Vertex,2023-12-16 14:12:48.127118
13.436,74.0,14.3,250.0,Vertex,2023-12-16 14:12:48.127118
12.76,3288.0,14.87,26.0,Vertex,2023-12-16 14:12:48.127118
12.7,300.0,,,Vertex,2023-12-16 14:12:48.127118
12.65,300.0,,,Vertex,2023-12-16 14:12:48.127118
12.6,300.0,,,Vertex,2023-12-16 14:12:48.127118
12.56,50.0,,,Vertex,2023-12-16 14:12:48.127118
12.55,300.0,,,Vertex,2023-12-16 14:12:48.127118
12.5,3278.0,,,Vertex,2023-12-16 14:12:48.127118
12.45,350.0,,,Vertex,2023-12-16 14:12:48.127118
12.4,350.0,,,Vertex,2023-12-16 14:12:48.127118
12.35,350.0,,,Vertex,2023-12-16 14:12:48.127118
12.3,350.0,,,Vertex,2023-12-16 14:12:48.127118
12.25,400.0,,,Vertex,2023-12-16 14:12:48.127118
12.2,400.0,,,Vertex,2023-12-16 14:12:48.127118
12.15,400.0,,,Vertex,2023-12-16 14:12:48.127118
13.978,100.0,13.983,320.0,Vertex,2023-12-16 15:12:53.313582
13.975,534.0,13.984,314.0,Vertex,2023-12-16 15:12:53.313582
13.973,1072.0,13.986,2144.0,Vertex,2023-12-16 15:12:53.313582
13.972,2332.0,13.987,2144.0,Vertex,2023-12-16 15:12:53.313582
13.967,3578.0,13.991,3572.0,Vertex,2023-12-16 15:12:53.313582
13.965,10876.0,13.992,10690.0,Vertex,2023-12-16 15:12:53.313582
13.935,210.0,13.997,186.0,Vertex,2023-12-16 15:12:53.313582
13.928,7178.0,14.016,210.0,Vertex,2023-12-16 15:12:53.313582
13.914,198.0,14.042,7120.0,Vertex,2023-12-16 15:12:53.313582
13.697,74.0,14.044,198.0,Vertex,2023-12-16 15:12:53.313582
12.76,3288.0,14.275,76.0,Vertex,2023-12-16 15:12:53.313582
12.7,300.0,14.3,250.0,Vertex,2023-12-16 15:12:53.313582
12.65,300.0,14.87,26.0,Vertex,2023-12-16 15:12:53.313582
12.6,300.0,,,Vertex,2023-12-16 15:12:53.313582
12.56,50.0,,,Vertex,2023-12-16 15:12:53.313582
12.55,300.0,,,Vertex,2023-12-16 15:12:53.313582
12.5,3278.0,,,Vertex,2023-12-16 15:12:53.313582
12.45,350.0,,,Vertex,2023-12-16 15:12:53.313582
12.4,350.0,,,Vertex,2023-12-16 15:12:53.313582
12.35,350.0,,,Vertex,2023-12-16 15:12:53.313582
12.3,350.0,,,Vertex,2023-12-16 15:12:53.313582
12.25,400.0,,,Vertex,2023-12-16 15:12:53.313582
12.2,400.0,,,Vertex,2023-12-16 15:12:53.313582
12.15,400.0,,,Vertex,2023-12-16 15:12:53.313582
12.1,400.0,,,Vertex,2023-12-16 15:12:53.313582
14.587,400.0,14.595,204.0,Vertex,2023-12-16 16:16:59.420877
14.577,10424.0,14.597,178.0,Vertex,2023-12-16 16:16:59.420877
14.574,1028.0,14.598,1026.0,Vertex,2023-12-16 16:16:59.420877
14.572,1206.0,14.6,2054.0,Vertex,2023-12-16 16:16:59.420877
14.565,178.0,14.602,178.0,Vertex,2023-12-16 16:16:59.420877
14.563,3432.0,14.605,3422.0,Vertex,2023-12-16 16:16:59.420877
14.534,200.0,14.631,200.0,Vertex,2023-12-16 16:16:59.420877
14.516,190.0,14.642,6828.0,Vertex,2023-12-16 16:16:59.420877
14.505,6892.0,14.653,190.0,Vertex,2023-12-16 16:16:59.420877
14.295,74.0,14.87,26.0,Vertex,2023-12-16 16:16:59.420877
12.76,3288.0,14.883,76.0,Vertex,2023-12-16 16:16:59.420877
12.7,300.0,15.0,332.0,Vertex,2023-12-16 16:16:59.420877
12.65,300.0,15.5,322.0,Vertex,2023-12-16 16:16:59.420877
12.6,300.0,16.0,312.0,Vertex,2023-12-16 16:16:59.420877
12.56,50.0,16.5,302.0,Vertex,2023-12-16 16:16:59.420877
12.55,300.0,,,Vertex,2023-12-16 16:16:59.420877
12.5,3278.0,,,Vertex,2023-12-16 16:16:59.420877
12.45,350.0,,,Vertex,2023-12-16 16:16:59.420877
12.4,350.0,,,Vertex,2023-12-16 16:16:59.420877
12.35,350.0,,,Vertex,2023-12-16 16:16:59.420877
12.3,350.0,,,Vertex,2023-12-16 16:16:59.420877
12.25,400.0,,,Vertex,2023-12-16 16:16:59.420877
12.2,400.0,,,Vertex,2023-12-16 16:16:59.420877
12.15,400.0,,,Vertex,2023-12-16 16:16:59.420877
12.1,400.0,,,Vertex,2023-12-16 16:16:59.420877
14.418,100.0,14.422,310.0,Vertex,2023-12-16 17:11:48.399220
14.415,310.0,14.424,100.0,Vertex,2023-12-16 17:11:48.399220
14.411,208.0,14.427,10606.0,Vertex,2023-12-16 17:11:48.399220
14.408,1040.0,14.431,1038.0,Vertex,2023-12-16 17:11:48.399220
14.407,2262.0,14.432,180.0,Vertex,2023-12-16 17:11:48.399220
14.406,180.0,14.433,1038.0,Vertex,2023-12-16 17:11:48.399220
14.399,13872.0,14.439,3462.0,Vertex,2023-12-16 17:11:48.399220
14.368,200.0,14.443,180.0,Vertex,2023-12-16 17:11:48.399220
14.356,6964.0,14.459,200.0,Vertex,2023-12-16 17:11:48.399220
14.352,192.0,14.478,6906.0,Vertex,2023-12-16 17:11:48.399220
14.107,74.0,14.488,192.0,Vertex,2023-12-16 17:11:48.399220
12.76,3288.0,14.681,76.0,Vertex,2023-12-16 17:11:48.399220
12.7,300.0,15.0,332.0,Vertex,2023-12-16 17:11:48.399220
12.65,300.0,15.5,322.0,Vertex,2023-12-16 17:11:48.399220
12.6,300.0,16.0,312.0,Vertex,2023-12-16 17:11:48.399220
12.56,50.0,16.5,302.0,Vertex,2023-12-16 17:11:48.399220
12.55,300.0,,,Vertex,2023-12-16 17:11:48.399220
12.5,3278.0,,,Vertex,2023-12-16 17:11:48.399220
12.45,350.0,,,Vertex,2023-12-16 17:11:48.399220
12.4,350.0,,,Vertex,2023-12-16 17:11:48.399220
12.35,350.0,,,Vertex,2023-12-16 17:11:48.399220
12.3,350.0,,,Vertex,2023-12-16 17:11:48.399220
12.25,400.0,,,Vertex,2023-12-16 17:11:48.399220
12.2,400.0,,,Vertex,2023-12-16 17:11:48.399220
12.15,400.0,,,Vertex,2023-12-16 17:11:48.399220
13.834,100.0,13.839,536.0,Vertex,2023-12-16 18:16:43.143481
13.833,320.0,13.841,1182.0,Vertex,2023-12-16 18:16:43.143481
13.822,2170.0,13.844,2166.0,Vertex,2023-12-16 18:16:43.143481
13.818,10820.0,13.846,10820.0,Vertex,2023-12-16 18:16:43.143481
13.815,3618.0,13.85,3610.0,Vertex,2023-12-16 18:16:43.143481
13.812,188.0,13.866,210.0,Vertex,2023-12-16 18:16:43.143481
13.786,210.0,13.879,7204.0,Vertex,2023-12-16 18:16:43.143481
13.776,7258.0,13.897,200.0,Vertex,2023-12-16 18:16:43.143481
13.773,200.0,14.107,76.0,Vertex,2023-12-16 18:16:43.143481
13.586,74.0,15.0,332.0,Vertex,2023-12-16 18:16:43.143481
13.55,200.0,15.5,322.0,Vertex,2023-12-16 18:16:43.143481
13.37,200.0,16.0,312.0,Vertex,2023-12-16 18:16:43.143481
13.22,200.0,16.5,302.0,Vertex,2023-12-16 18:16:43.143481
12.92,300.0,,,Vertex,2023-12-16 18:16:43.143481
12.77,300.0,,,Vertex,2023-12-16 18:16:43.143481
12.76,3288.0,,,Vertex,2023-12-16 18:16:43.143481
12.7,300.0,,,Vertex,2023-12-16 18:16:43.143481
12.65,700.0,,,Vertex,2023-12-16 18:16:43.143481
12.6,300.0,,,Vertex,2023-12-16 18:16:43.143481
12.56,50.0,,,Vertex,2023-12-16 18:16:43.143481
12.55,300.0,,,Vertex,2023-12-16 18:16:43.143481
12.5,3278.0,,,Vertex,2023-12-16 18:16:43.143481
12.45,350.0,,,Vertex,2023-12-16 18:16:43.143481
12.4,350.0,,,Vertex,2023-12-16 18:16:43.143481
12.35,350.0,,,Vertex,2023-12-16 18:16:43.143481
13.396,440.0,13.402,662.0,Vertex,2023-12-16 19:10:35.322490
13.392,222.0,13.405,1118.0,Vertex,2023-12-16 19:10:35.322490
13.389,2240.0,13.406,2236.0,Vertex,2023-12-16 19:10:35.322490
13.388,2240.0,13.407,194.0,Vertex,2023-12-16 19:10:35.322490
13.386,194.0,13.412,3728.0,Vertex,2023-12-16 19:10:35.322490
13.382,14936.0,13.413,11200.0,Vertex,2023-12-16 19:10:35.322490
13.381,194.0,13.415,194.0,Vertex,2023-12-16 19:10:35.322490
13.358,220.0,13.434,220.0,Vertex,2023-12-16 19:10:35.322490
13.346,7492.0,13.459,206.0,Vertex,2023-12-16 19:10:35.322490
13.336,206.0,13.46,7428.0,Vertex,2023-12-16 19:10:35.322490
13.22,200.0,13.654,76.0,Vertex,2023-12-16 19:10:35.322490
13.131,74.0,15.0,332.0,Vertex,2023-12-16 19:10:35.322490
12.92,300.0,15.5,322.0,Vertex,2023-12-16 19:10:35.322490
12.77,300.0,16.0,312.0,Vertex,2023-12-16 19:10:35.322490
12.76,3288.0,16.5,302.0,Vertex,2023-12-16 19:10:35.322490
12.7,300.0,,,Vertex,2023-12-16 19:10:35.322490
12.65,700.0,,,Vertex,2023-12-16 19:10:35.322490
12.6,300.0,,,Vertex,2023-12-16 19:10:35.322490
12.56,50.0,,,Vertex,2023-12-16 19:10:35.322490
12.55,300.0,,,Vertex,2023-12-16 19:10:35.322490
12.5,3278.0,,,Vertex,2023-12-16 19:10:35.322490
12.45,350.0,,,Vertex,2023-12-16 19:10:35.322490
12.4,350.0,,,Vertex,2023-12-16 19:10:35.322490
12.35,350.0,,,Vertex,2023-12-16 19:10:35.322490
12.3,350.0,,,Vertex,2023-12-16 19:10:35.322490
13.403,222.0,13.408,330.0,Vertex,2023-12-16 20:14:09.550511
13.402,1448.0,13.41,222.0,Vertex,2023-12-16 20:14:09.550511
13.401,2238.0,13.411,1118.0,Vertex,2023-12-16 20:14:09.550511
13.399,110.0,13.412,110.0,Vertex,2023-12-16 20:14:09.550511
13.396,3732.0,13.413,2236.0,Vertex,2023-12-16 20:14:09.550511
13.395,196.0,13.417,3726.0,Vertex,2023-12-16 20:14:09.550511
13.386,11366.0,13.418,11170.0,Vertex,2023-12-16 20:14:09.550511
13.364,220.0,13.419,196.0,Vertex,2023-12-16 20:14:09.550511
13.36,7484.0,13.425,196.0,Vertex,2023-12-16 20:14:09.550511
13.346,206.0,13.441,220.0,Vertex,2023-12-16 20:14:09.550511
13.126,74.0,13.463,7428.0,Vertex,2023-12-16 20:14:09.550511
13.05,250.0,13.468,206.0,Vertex,2023-12-16 20:14:09.550511
13.0,300.0,13.667,76.0,Vertex,2023-12-16 20:14:09.550511
12.95,300.0,14.489,76.0,Vertex,2023-12-16 20:14:09.550511
12.92,300.0,15.0,332.0,Vertex,2023-12-16 20:14:09.550511
12.9,300.0,15.5,322.0,Vertex,2023-12-16 20:14:09.550511
12.85,300.0,16.0,312.0,Vertex,2023-12-16 20:14:09.550511
12.8,300.0,16.5,302.0,Vertex,2023-12-16 20:14:09.550511
12.77,300.0,,,Vertex,2023-12-16 20:14:09.550511
12.76,3288.0,,,Vertex,2023-12-16 20:14:09.550511
12.75,350.0,,,Vertex,2023-12-16 20:14:09.550511
12.7,350.0,,,Vertex,2023-12-16 20:14:09.550511
12.65,750.0,,,Vertex,2023-12-16 20:14:09.550511
12.6,350.0,,,Vertex,2023-12-16 20:14:09.550511
12.56,50.0,,,Vertex,2023-12-16 20:14:09.550511
13.144,450.0,13.151,568.0,Vertex,2023-12-16 21:11:49.205030
13.143,228.0,13.153,2280.0,Vertex,2023-12-16 21:11:49.205030
13.141,1140.0,13.154,2280.0,Vertex,2023-12-16 21:11:49.205030
13.139,2282.0,13.157,110.0,Vertex,2023-12-16 21:11:49.205030
13.137,198.0,13.158,3998.0,Vertex,2023-12-16 21:11:49.205030
13.133,15266.0,13.159,11460.0,Vertex,2023-12-16 21:11:49.205030
13.131,198.0,13.163,198.0,Vertex,2023-12-16 21:11:49.205030
13.101,220.0,13.182,220.0,Vertex,2023-12-16 21:11:49.205030
13.093,7636.0,13.197,7576.0,Vertex,2023-12-16 21:11:49.205030
13.086,210.0,13.208,210.0,Vertex,2023-12-16 21:11:49.205030
13.05,250.0,13.381,76.0,Vertex,2023-12-16 21:11:49.205030
13.0,300.0,14.41,100.0,Vertex,2023-12-16 21:11:49.205030
12.95,300.0,14.46,100.0,Vertex,2023-12-16 21:11:49.205030
12.92,300.0,14.489,76.0,Vertex,2023-12-16 21:11:49.205030
12.9,300.0,14.53,100.0,Vertex,2023-12-16 21:11:49.205030
12.87,74.0,14.63,200.0,Vertex,2023-12-16 21:11:49.205030
12.85,300.0,14.74,200.0,Vertex,2023-12-16 21:11:49.205030
12.8,300.0,14.9,100.0,Vertex,2023-12-16 21:11:49.205030
12.77,300.0,15.0,432.0,Vertex,2023-12-16 21:11:49.205030
12.75,350.0,15.5,322.0,Vertex,2023-12-16 21:11:49.205030
12.7,350.0,16.0,312.0,Vertex,2023-12-16 21:11:49.205030
12.65,750.0,16.5,302.0,Vertex,2023-12-16 21:11:49.205030
12.6,350.0,,,Vertex,2023-12-16 21:11:49.205030
12.56,50.0,,,Vertex,2023-12-16 21:11:49.205030
12.55,350.0,,,Vertex,2023-12-16 21:11:49.205030
13.222,226.0,13.226,340.0,Vertex,2023-12-16 22:12:18.284291
13.22,340.0,13.23,110.0,Vertex,2023-12-16 22:12:18.284291
13.219,2268.0,13.231,226.0,Vertex,2023-12-16 22:12:18.284291
13.218,2268.0,13.233,11370.0,Vertex,2023-12-16 22:12:18.284291
13.216,110.0,13.234,1330.0,Vertex,2023-12-16 22:12:18.284291
13.214,3782.0,13.235,1132.0,Vertex,2023-12-16 22:12:18.284291
13.212,198.0,13.237,200.0,Vertex,2023-12-16 22:12:18.284291
13.207,11370.0,13.24,3776.0,Vertex,2023-12-16 22:12:18.284291
13.203,200.0,13.25,220.0,Vertex,2023-12-16 22:12:18.284291
13.177,7808.0,13.271,7534.0,Vertex,2023-12-16 22:12:18.284291
13.161,210.0,13.282,208.0,Vertex,2023-12-16 22:12:18.284291
13.0,300.0,13.497,76.0,Vertex,2023-12-16 22:12:18.284291
12.95,300.0,14.41,100.0,Vertex,2023-12-16 22:12:18.284291
12.949,74.0,14.46,100.0,Vertex,2023-12-16 22:12:18.284291
12.92,300.0,14.489,76.0,Vertex,2023-12-16 22:12:18.284291
12.9,300.0,14.53,100.0,Vertex,2023-12-16 22:12:18.284291
12.85,300.0,14.63,200.0,Vertex,2023-12-16 22:12:18.284291
12.8,300.0,14.74,200.0,Vertex,2023-12-16 22:12:18.284291
12.77,300.0,14.9,100.0,Vertex,2023-12-16 22:12:18.284291
12.75,350.0,15.0,432.0,Vertex,2023-12-16 22:12:18.284291
12.7,350.0,15.5,322.0,Vertex,2023-12-16 22:12:18.284291
12.65,750.0,16.0,312.0,Vertex,2023-12-16 22:12:18.284291
12.6,350.0,16.5,302.0,Vertex,2023-12-16 22:12:18.284291
12.56,50.0,,,Vertex,2023-12-16 22:12:18.284291
12.55,350.0,,,Vertex,2023-12-16 22:12:18.284291
13.009,340.0,13.011,230.0,Vertex,2023-12-16 23:13:05.620733
13.002,198.0,13.015,1492.0,Vertex,2023-12-16 23:13:05.620733
12.999,110.0,13.017,1152.0,Vertex,2023-12-16 23:13:05.620733
12.995,230.0,13.022,198.0,Vertex,2023-12-16 23:13:05.620733
12.994,198.0,13.026,4036.0,Vertex,2023-12-16 23:13:05.620733
12.99,1154.0,13.027,110.0,Vertex,2023-12-16 23:13:05.620733
12.987,13738.0,13.031,11430.0,Vertex,2023-12-16 23:13:05.620733
12.981,3850.0,13.045,220.0,Vertex,2023-12-16 23:13:05.620733
12.972,220.0,13.063,7654.0,Vertex,2023-12-16 23:13:05.620733
12.95,300.0,13.07,212.0,Vertex,2023-12-16 23:13:05.620733
12.949,212.0,13.307,76.0,Vertex,2023-12-16 23:13:05.620733
12.926,7734.0,14.41,100.0,Vertex,2023-12-16 23:13:05.620733
12.92,300.0,14.46,100.0,Vertex,2023-12-16 23:13:05.620733
12.9,300.0,14.489,76.0,Vertex,2023-12-16 23:13:05.620733
12.85,300.0,14.53,100.0,Vertex,2023-12-16 23:13:05.620733
12.8,300.0,14.63,200.0,Vertex,2023-12-16 23:13:05.620733
12.78,74.0,14.74,200.0,Vertex,2023-12-16 23:13:05.620733
12.77,300.0,14.9,100.0,Vertex,2023-12-16 23:13:05.620733
12.75,350.0,15.0,432.0,Vertex,2023-12-16 23:13:05.620733
12.7,350.0,15.5,322.0,Vertex,2023-12-16 23:13:05.620733
12.65,750.0,16.0,312.0,Vertex,2023-12-16 23:13:05.620733
12.6,350.0,16.5,302.0,Vertex,2023-12-16 23:13:05.620733
12.56,50.0,,,Vertex,2023-12-16 23:13:05.620733
12.55,350.0,,,Vertex,2023-12-16 23:13:05.620733
12.5,3328.0,,,Vertex,2023-12-16 23:13:05.620733
13.242,666.0,13.246,226.0,Vertex,2023-12-17 01:08:09.391707
13.241,1132.0,13.247,330.0,Vertex,2023-12-17 01:08:09.391707
13.239,1132.0,13.248,3506.0,Vertex,2023-12-17 01:08:09.391707
13.234,3778.0,13.252,3772.0,Vertex,2023-12-17 01:08:09.391707
13.233,196.0,13.255,11486.0,Vertex,2023-12-17 01:08:09.391707
13.23,11290.0,13.26,196.0,Vertex,2023-12-17 01:08:09.391707
13.224,196.0,13.277,220.0,Vertex,2023-12-17 01:08:09.391707
13.202,220.0,13.292,7522.0,Vertex,2023-12-17 01:08:09.391707
13.2,7574.0,13.302,208.0,Vertex,2023-12-17 01:08:09.391707
13.181,208.0,13.501,76.0,Vertex,2023-12-17 01:08:09.391707
13.0,300.0,14.41,100.0,Vertex,2023-12-17 01:08:09.391707
12.973,74.0,14.46,100.0,Vertex,2023-12-17 01:08:09.391707
12.95,300.0,14.489,76.0,Vertex,2023-12-17 01:08:09.391707
12.92,300.0,14.53,100.0,Vertex,2023-12-17 01:08:09.391707
12.9,300.0,14.63,200.0,Vertex,2023-12-17 01:08:09.391707
12.85,300.0,14.74,200.0,Vertex,2023-12-17 01:08:09.391707
12.8,300.0,14.9,3000.0,Vertex,2023-12-17 01:08:09.391707
12.77,300.0,15.0,432.0,Vertex,2023-12-17 01:08:09.391707
12.75,350.0,15.5,322.0,Vertex,2023-12-17 01:08:09.391707
12.7,350.0,16.0,312.0,Vertex,2023-12-17 01:08:09.391707
12.65,750.0,16.5,302.0,Vertex,2023-12-17 01:08:09.391707
12.6,350.0,,,Vertex,2023-12-17 01:08:09.391707
12.56,50.0,,,Vertex,2023-12-17 01:08:09.391707
12.55,350.0,,,Vertex,2023-12-17 01:08:09.391707
12.5,3328.0,,,Vertex,2023-12-17 01:08:09.391707
13.145,450.0,13.149,338.0,Vertex,2023-12-17 02:28:35.600772
13.144,228.0,13.15,1140.0,Vertex,2023-12-17 02:28:35.600772
13.143,1140.0,13.151,2620.0,Vertex,2023-12-17 02:28:35.600772
13.142,2282.0,13.152,400.0,Vertex,2023-12-17 02:28:35.600772
13.139,3804.0,13.155,3800.0,Vertex,2023-12-17 02:28:35.600772
13.136,198.0,13.16,11430.0,Vertex,2023-12-17 02:28:35.600772
13.132,11430.0,13.162,198.0,Vertex,2023-12-17 02:28:35.600772
13.131,198.0,13.167,198.0,Vertex,2023-12-17 02:28:35.600772
13.101,7852.0,13.177,220.0,Vertex,2023-12-17 02:28:35.600772
13.086,210.0,13.183,7584.0,Vertex,2023-12-17 02:28:35.600772
12.95,300.0,13.208,210.0,Vertex,2023-12-17 02:28:35.600772
12.92,300.0,13.411,76.0,Vertex,2023-12-17 02:28:35.600772
12.9,300.0,14.41,100.0,Vertex,2023-12-17 02:28:35.600772
12.885,74.0,14.46,100.0,Vertex,2023-12-17 02:28:35.600772
12.85,300.0,14.489,76.0,Vertex,2023-12-17 02:28:35.600772
12.8,300.0,14.53,100.0,Vertex,2023-12-17 02:28:35.600772
12.77,300.0,14.63,200.0,Vertex,2023-12-17 02:28:35.600772
12.75,350.0,14.74,200.0,Vertex,2023-12-17 02:28:35.600772
12.7,350.0,14.9,3000.0,Vertex,2023-12-17 02:28:35.600772
12.65,750.0,15.0,432.0,Vertex,2023-12-17 02:28:35.600772
12.6,350.0,15.5,322.0,Vertex,2023-12-17 02:28:35.600772
12.56,50.0,16.0,312.0,Vertex,2023-12-17 02:28:35.600772
12.55,350.0,16.5,302.0,Vertex,2023-12-17 02:28:35.600772
12.5,3328.0,,,Vertex,2023-12-17 02:28:35.600772
12.45,400.0,,,Vertex,2023-12-17 02:28:35.600772
12.87,340.0,12.875,110.0,Vertex,2023-12-17 03:14:21.438034
12.869,110.0,12.879,11600.0,Vertex,2023-12-17 03:14:21.438034
12.86,200.0,12.88,200.0,Vertex,2023-12-17 03:14:21.438034
12.854,11800.0,12.888,200.0,Vertex,2023-12-17 03:14:21.438034
12.85,300.0,12.902,230.0,Vertex,2023-12-17 03:14:21.438034
12.826,230.0,12.93,214.0,Vertex,2023-12-17 03:14:21.438034
12.811,214.0,13.152,400.0,Vertex,2023-12-17 03:14:21.438034
12.8,300.0,14.41,100.0,Vertex,2023-12-17 03:14:21.438034
12.77,300.0,14.46,100.0,Vertex,2023-12-17 03:14:21.438034
12.75,350.0,14.489,76.0,Vertex,2023-12-17 03:14:21.438034
12.7,350.0,14.53,100.0,Vertex,2023-12-17 03:14:21.438034
12.65,750.0,14.63,200.0,Vertex,2023-12-17 03:14:21.438034
12.6,350.0,14.74,200.0,Vertex,2023-12-17 03:14:21.438034
12.56,50.0,14.9,3000.0,Vertex,2023-12-17 03:14:21.438034
12.55,350.0,15.0,432.0,Vertex,2023-12-17 03:14:21.438034
12.5,3328.0,15.5,322.0,Vertex,2023-12-17 03:14:21.438034
12.45,400.0,16.0,312.0,Vertex,2023-12-17 03:14:21.438034
12.4,400.0,16.5,302.0,Vertex,2023-12-17 03:14:21.438034
12.35,400.0,,,Vertex,2023-12-17 03:14:21.438034
12.3,400.0,,,Vertex,2023-12-17 03:14:21.438034
12.25,450.0,,,Vertex,2023-12-17 03:14:21.438034
12.2,450.0,,,Vertex,2023-12-17 03:14:21.438034
12.15,450.0,,,Vertex,2023-12-17 03:14:21.438034
12.1,450.0,,,Vertex,2023-12-17 03:14:21.438034
11.5,26.0,,,Vertex,2023-12-17 03:14:21.438034
13.002,230.0,13.005,340.0,Vertex,2023-12-17 04:16:59.966501
13.0,1602.0,13.006,110.0,Vertex,2023-12-17 04:16:59.966501
12.999,1152.0,13.008,230.0,Vertex,2023-12-17 04:16:59.966501
12.996,200.0,13.009,1152.0,Vertex,2023-12-17 04:16:59.966501
12.994,3846.0,13.01,2304.0,Vertex,2023-12-17 04:16:59.966501
12.991,11530.0,13.013,3842.0,Vertex,2023-12-17 04:16:59.966501
12.988,200.0,13.017,11530.0,Vertex,2023-12-17 04:16:59.966501
12.961,7944.0,13.021,200.0,Vertex,2023-12-17 04:16:59.966501
12.944,212.0,13.025,200.0,Vertex,2023-12-17 04:16:59.966501
12.8,300.0,13.04,230.0,Vertex,2023-12-17 04:16:59.966501
12.77,300.0,13.044,7666.0,Vertex,2023-12-17 04:16:59.966501
12.76,74.0,13.061,212.0,Vertex,2023-12-17 04:16:59.966501
12.75,350.0,13.152,400.0,Vertex,2023-12-17 04:16:59.966501
12.7,350.0,13.27,76.0,Vertex,2023-12-17 04:16:59.966501
12.65,750.0,14.41,100.0,Vertex,2023-12-17 04:16:59.966501
12.6,350.0,14.46,100.0,Vertex,2023-12-17 04:16:59.966501
12.56,50.0,14.489,76.0,Vertex,2023-12-17 04:16:59.966501
12.55,350.0,14.53,100.0,Vertex,2023-12-17 04:16:59.966501
12.5,3328.0,14.63,200.0,Vertex,2023-12-17 04:16:59.966501
12.45,400.0,14.74,200.0,Vertex,2023-12-17 04:16:59.966501
12.4,400.0,14.9,3000.0,Vertex,2023-12-17 04:16:59.966501
12.35,400.0,15.0,432.0,Vertex,2023-12-17 04:16:59.966501
12.3,400.0,15.5,322.0,Vertex,2023-12-17 04:16:59.966501
12.25,450.0,16.0,312.0,Vertex,2023-12-17 04:16:59.966501
12.2,450.0,16.5,302.0,Vertex,2023-12-17 04:16:59.966501
12.96,110.0,12.961,230.0,Vertex,2023-12-17 05:12:53.602412
12.957,340.0,12.963,1496.0,Vertex,2023-12-17 05:12:53.602412
12.956,230.0,12.964,2314.0,Vertex,2023-12-17 05:12:53.602412
12.955,1356.0,12.965,110.0,Vertex,2023-12-17 05:12:53.602412
12.954,2314.0,12.968,3854.0,Vertex,2023-12-17 05:12:53.602412
12.95,3860.0,12.975,11750.0,Vertex,2023-12-17 05:12:53.602412
12.947,11750.0,12.982,200.0,Vertex,2023-12-17 05:12:53.602412
12.916,7972.0,12.991,230.0,Vertex,2023-12-17 05:12:53.602412
12.902,214.0,13.006,7688.0,Vertex,2023-12-17 05:12:53.602412
12.8,300.0,13.02,214.0,Vertex,2023-12-17 05:12:53.602412
12.77,300.0,13.152,400.0,Vertex,2023-12-17 05:12:53.602412
12.75,350.0,13.229,76.0,Vertex,2023-12-17 05:12:53.602412
12.705,74.0,14.41,100.0,Vertex,2023-12-17 05:12:53.602412
12.7,350.0,14.46,100.0,Vertex,2023-12-17 05:12:53.602412
12.65,750.0,14.489,76.0,Vertex,2023-12-17 05:12:53.602412
12.6,350.0,14.53,100.0,Vertex,2023-12-17 05:12:53.602412
12.56,50.0,14.63,200.0,Vertex,2023-12-17 05:12:53.602412
12.55,350.0,14.74,200.0,Vertex,2023-12-17 05:12:53.602412
12.5,3328.0,14.9,3000.0,Vertex,2023-12-17 05:12:53.602412
12.45,400.0,15.0,432.0,Vertex,2023-12-17 05:12:53.602412
12.4,400.0,15.5,322.0,Vertex,2023-12-17 05:12:53.602412
12.35,400.0,16.0,312.0,Vertex,2023-12-17 05:12:53.602412
12.3,400.0,16.5,302.0,Vertex,2023-12-17 05:12:53.602412
12.25,450.0,,,Vertex,2023-12-17 05:12:53.602412
12.2,450.0,,,Vertex,2023-12-17 05:12:53.602412
12.715,234.0,12.719,350.0,Vertex,2023-12-17 06:17:21.970387
12.714,1638.0,12.72,344.0,Vertex,2023-12-17 06:17:21.970387
12.712,2358.0,12.722,1178.0,Vertex,2023-12-17 06:17:21.970387
12.707,15724.0,12.723,2358.0,Vertex,2023-12-17 06:17:21.970387
12.701,204.0,12.725,11790.0,Vertex,2023-12-17 06:17:21.970387
12.698,204.0,12.726,204.0,Vertex,2023-12-17 06:17:21.970387
12.677,8118.0,12.727,3928.0,Vertex,2023-12-17 06:17:21.970387
12.66,218.0,12.737,204.0,Vertex,2023-12-17 06:17:21.970387
12.6,350.0,12.743,230.0,Vertex,2023-12-17 06:17:21.970387
12.56,50.0,12.769,7830.0,Vertex,2023-12-17 06:17:21.970387
12.55,350.0,12.777,218.0,Vertex,2023-12-17 06:17:21.970387
12.5,3328.0,12.972,76.0,Vertex,2023-12-17 06:17:21.970387
12.483,74.0,13.152,400.0,Vertex,2023-12-17 06:17:21.970387
12.45,400.0,14.41,100.0,Vertex,2023-12-17 06:17:21.970387
12.4,400.0,14.46,100.0,Vertex,2023-12-17 06:17:21.970387
12.35,400.0,14.489,76.0,Vertex,2023-12-17 06:17:21.970387
12.3,400.0,14.53,100.0,Vertex,2023-12-17 06:17:21.970387
12.25,450.0,14.63,200.0,Vertex,2023-12-17 06:17:21.970387
12.2,450.0,14.74,200.0,Vertex,2023-12-17 06:17:21.970387
12.15,450.0,14.9,3000.0,Vertex,2023-12-17 06:17:21.970387
12.1,450.0,15.0,432.0,Vertex,2023-12-17 06:17:21.970387
11.5,26.0,15.5,322.0,Vertex,2023-12-17 06:17:21.970387
10.022,86.0,16.0,312.0,Vertex,2023-12-17 06:17:21.970387
,,16.5,302.0,Vertex,2023-12-17 06:17:21.970387
13.088,228.0,13.09,340.0,Vertex,2023-12-17 07:12:29.438792
13.085,2292.0,13.094,110.0,Vertex,2023-12-17 07:12:29.438792
13.083,2292.0,13.098,228.0,Vertex,2023-12-17 07:12:29.438792
13.081,110.0,13.1,1144.0,Vertex,2023-12-17 07:12:29.438792
13.078,3822.0,13.101,11680.0,Vertex,2023-12-17 07:12:29.438792
13.076,200.0,13.102,2288.0,Vertex,2023-12-17 07:12:29.438792
13.069,11680.0,13.107,200.0,Vertex,2023-12-17 07:12:29.438792
13.048,7882.0,13.108,3814.0,Vertex,2023-12-17 07:12:29.438792
13.032,212.0,13.121,220.0,Vertex,2023-12-17 07:12:29.438792
12.782,74.0,13.138,7610.0,Vertex,2023-12-17 07:12:29.438792
12.6,350.0,13.148,212.0,Vertex,2023-12-17 07:12:29.438792
12.56,50.0,13.152,400.0,Vertex,2023-12-17 07:12:29.438792
12.55,350.0,13.337,76.0,Vertex,2023-12-17 07:12:29.438792
12.5,3328.0,14.41,100.0,Vertex,2023-12-17 07:12:29.438792
12.45,400.0,14.46,100.0,Vertex,2023-12-17 07:12:29.438792
12.4,400.0,14.489,76.0,Vertex,2023-12-17 07:12:29.438792
12.35,400.0,14.53,100.0,Vertex,2023-12-17 07:12:29.438792
12.3,400.0,14.63,200.0,Vertex,2023-12-17 07:12:29.438792
12.25,450.0,14.74,200.0,Vertex,2023-12-17 07:12:29.438792
12.2,450.0,14.9,3000.0,Vertex,2023-12-17 07:12:29.438792
12.15,450.0,15.0,432.0,Vertex,2023-12-17 07:12:29.438792
12.1,450.0,15.5,322.0,Vertex,2023-12-17 07:12:29.438792
11.5,26.0,16.0,312.0,Vertex,2023-12-17 07:12:29.438792
10.022,86.0,16.5,302.0,Vertex,2023-12-17 07:12:29.438792
13.374,554.0,13.381,110.0,Vertex,2023-12-17 08:16:39.632615
13.371,1120.0,13.382,330.0,Vertex,2023-12-17 08:16:39.632615
13.368,2244.0,13.385,224.0,Vertex,2023-12-17 08:16:39.632615
13.365,110.0,13.389,2240.0,Vertex,2023-12-17 08:16:39.632615
13.362,3740.0,13.395,3732.0,Vertex,2023-12-17 08:16:39.632615
13.325,220.0,13.413,220.0,Vertex,2023-12-17 08:16:39.632615
13.312,206.0,13.421,7450.0,Vertex,2023-12-17 08:16:39.632615
13.308,7514.0,13.439,206.0,Vertex,2023-12-17 08:16:39.632615
13.109,74.0,13.614,76.0,Vertex,2023-12-17 08:16:39.632615
12.6,350.0,14.41,100.0,Vertex,2023-12-17 08:16:39.632615
12.56,50.0,14.46,100.0,Vertex,2023-12-17 08:16:39.632615
12.55,350.0,14.489,76.0,Vertex,2023-12-17 08:16:39.632615
12.5,3328.0,14.53,100.0,Vertex,2023-12-17 08:16:39.632615
12.45,400.0,14.63,200.0,Vertex,2023-12-17 08:16:39.632615
12.4,400.0,14.74,200.0,Vertex,2023-12-17 08:16:39.632615
12.35,400.0,14.9,3000.0,Vertex,2023-12-17 08:16:39.632615
12.3,400.0,15.0,432.0,Vertex,2023-12-17 08:16:39.632615
12.25,450.0,15.5,322.0,Vertex,2023-12-17 08:16:39.632615
12.2,450.0,16.0,312.0,Vertex,2023-12-17 08:16:39.632615
12.15,450.0,16.5,302.0,Vertex,2023-12-17 08:16:39.632615
12.1,450.0,,,Vertex,2023-12-17 08:16:39.632615
11.5,26.0,,,Vertex,2023-12-17 08:16:39.632615
10.022,86.0,,,Vertex,2023-12-17 08:16:39.632615
13.528,330.0,13.534,330.0,Vertex,2023-12-17 09:12:50.076317
13.526,2216.0,13.537,330.0,Vertex,2023-12-17 09:12:50.076317
13.525,2218.0,13.539,1106.0,Vertex,2023-12-17 09:12:50.076317
13.524,110.0,13.541,2214.0,Vertex,2023-12-17 09:12:50.076317
13.52,3698.0,13.543,11130.0,Vertex,2023-12-17 09:12:50.076317
13.516,11130.0,13.544,194.0,Vertex,2023-12-17 09:12:50.076317
13.508,194.0,13.546,3690.0,Vertex,2023-12-17 09:12:50.076317
13.485,220.0,13.566,220.0,Vertex,2023-12-17 09:12:50.076317
13.483,7416.0,13.585,7360.0,Vertex,2023-12-17 09:12:50.076317
13.469,204.0,13.595,204.0,Vertex,2023-12-17 09:12:50.076317
13.248,74.0,13.789,76.0,Vertex,2023-12-17 09:12:50.076317
12.6,350.0,14.41,100.0,Vertex,2023-12-17 09:12:50.076317
12.56,50.0,14.46,100.0,Vertex,2023-12-17 09:12:50.076317
12.55,350.0,14.489,76.0,Vertex,2023-12-17 09:12:50.076317
12.5,3328.0,14.53,100.0,Vertex,2023-12-17 09:12:50.076317
12.45,400.0,14.63,200.0,Vertex,2023-12-17 09:12:50.076317
12.4,400.0,14.74,200.0,Vertex,2023-12-17 09:12:50.076317
12.35,400.0,14.9,3000.0,Vertex,2023-12-17 09:12:50.076317
12.3,400.0,15.0,432.0,Vertex,2023-12-17 09:12:50.076317
12.25,450.0,15.5,322.0,Vertex,2023-12-17 09:12:50.076317
12.2,450.0,16.0,312.0,Vertex,2023-12-17 09:12:50.076317
12.15,450.0,16.5,302.0,Vertex,2023-12-17 09:12:50.076317
12.1,450.0,,,Vertex,2023-12-17 09:12:50.076317
11.5,26.0,,,Vertex,2023-12-17 09:12:50.076317
10.022,86.0,,,Vertex,2023-12-17 09:12:50.076317
13.546,220.0,13.551,330.0,Vertex,2023-12-17 10:13:59.164105
13.545,1546.0,13.552,220.0,Vertex,2023-12-17 10:13:59.164105
13.544,2214.0,13.553,1216.0,Vertex,2023-12-17 10:13:59.164105
13.539,3692.0,13.555,2212.0,Vertex,2023-12-17 10:13:59.164105
13.537,11110.0,13.558,190.0,Vertex,2023-12-17 10:13:59.164105
13.534,190.0,13.559,14796.0,Vertex,2023-12-17 10:13:59.164105
13.529,190.0,13.563,190.0,Vertex,2023-12-17 10:13:59.164105
13.515,7398.0,13.586,220.0,Vertex,2023-12-17 10:13:59.164105
13.502,220.0,13.6,7352.0,Vertex,2023-12-17 10:13:59.164105
13.49,204.0,13.61,204.0,Vertex,2023-12-17 10:13:59.164105
13.235,74.0,13.819,76.0,Vertex,2023-12-17 10:13:59.164105
12.6,350.0,14.41,100.0,Vertex,2023-12-17 10:13:59.164105
12.56,50.0,14.46,100.0,Vertex,2023-12-17 10:13:59.164105
12.55,350.0,14.489,76.0,Vertex,2023-12-17 10:13:59.164105
12.5,3328.0,14.53,100.0,Vertex,2023-12-17 10:13:59.164105
12.45,400.0,14.63,200.0,Vertex,2023-12-17 10:13:59.164105
12.4,400.0,14.74,200.0,Vertex,2023-12-17 10:13:59.164105
12.35,400.0,14.9,3000.0,Vertex,2023-12-17 10:13:59.164105
12.3,400.0,15.0,432.0,Vertex,2023-12-17 10:13:59.164105
12.25,450.0,15.5,322.0,Vertex,2023-12-17 10:13:59.164105
12.2,450.0,16.0,312.0,Vertex,2023-12-17 10:13:59.164105
12.15,450.0,16.5,302.0,Vertex,2023-12-17 10:13:59.164105
12.1,450.0,,,Vertex,2023-12-17 10:13:59.164105
11.5,26.0,,,Vertex,2023-12-17 10:13:59.164105
10.022,86.0,,,Vertex,2023-12-17 10:13:59.164105
13.972,320.0,13.982,320.0,Vertex,2023-12-17 11:11:02.834962
13.97,100.0,13.986,100.0,Vertex,2023-12-17 11:11:02.834962
13.969,186.0,13.996,10780.0,Vertex,2023-12-17 11:11:02.834962
13.961,10780.0,14.016,210.0,Vertex,2023-12-17 11:11:02.834962
13.958,186.0,14.04,198.0,Vertex,2023-12-17 11:11:02.834962
13.933,210.0,14.238,76.0,Vertex,2023-12-17 11:11:02.834962
13.914,198.0,14.41,100.0,Vertex,2023-12-17 11:11:02.834962
13.682,74.0,14.46,100.0,Vertex,2023-12-17 11:11:02.834962
12.6,350.0,14.489,76.0,Vertex,2023-12-17 11:11:02.834962
12.56,50.0,14.53,100.0,Vertex,2023-12-17 11:11:02.834962
12.55,350.0,14.63,200.0,Vertex,2023-12-17 11:11:02.834962
12.5,3328.0,14.74,200.0,Vertex,2023-12-17 11:11:02.834962
12.45,400.0,14.9,3000.0,Vertex,2023-12-17 11:11:02.834962
12.4,400.0,15.0,432.0,Vertex,2023-12-17 11:11:02.834962
12.35,400.0,15.5,322.0,Vertex,2023-12-17 11:11:02.834962
12.3,400.0,16.0,312.0,Vertex,2023-12-17 11:11:02.834962
12.25,450.0,16.5,302.0,Vertex,2023-12-17 11:11:02.834962
12.2,450.0,,,Vertex,2023-12-17 11:11:02.834962
12.15,450.0,,,Vertex,2023-12-17 11:11:02.834962
12.1,450.0,,,Vertex,2023-12-17 11:11:02.834962
11.5,26.0,,,Vertex,2023-12-17 11:11:02.834962
10.022,86.0,,,Vertex,2023-12-17 11:11:02.834962
13.61,330.0,13.615,220.0,Vertex,2023-12-17 12:24:51.352677
13.606,220.0,13.617,1100.0,Vertex,2023-12-17 12:24:51.352677
13.605,2314.0,13.618,330.0,Vertex,2023-12-17 12:24:51.352677
13.603,2204.0,13.619,2202.0,Vertex,2023-12-17 12:24:51.352677
13.6,192.0,13.622,110.0,Vertex,2023-12-17 12:24:51.352677
13.597,14706.0,13.625,3860.0,Vertex,2023-12-17 12:24:51.352677
13.596,192.0,13.632,11030.0,Vertex,2023-12-17 12:24:51.352677
13.571,220.0,13.635,192.0,Vertex,2023-12-17 12:24:51.352677
13.569,7368.0,13.652,220.0,Vertex,2023-12-17 12:24:51.352677
13.551,204.0,13.67,7314.0,Vertex,2023-12-17 12:24:51.352677
13.345,74.0,13.678,202.0,Vertex,2023-12-17 12:24:51.352677
12.6,350.0,13.888,76.0,Vertex,2023-12-17 12:24:51.352677
12.56,50.0,14.41,100.0,Vertex,2023-12-17 12:24:51.352677
12.55,350.0,14.46,100.0,Vertex,2023-12-17 12:24:51.352677
12.5,3328.0,14.489,76.0,Vertex,2023-12-17 12:24:51.352677
12.45,400.0,14.53,100.0,Vertex,2023-12-17 12:24:51.352677
12.4,400.0,14.63,200.0,Vertex,2023-12-17 12:24:51.352677
12.35,400.0,14.74,200.0,Vertex,2023-12-17 12:24:51.352677
12.3,400.0,14.9,3000.0,Vertex,2023-12-17 12:24:51.352677
12.25,450.0,15.0,432.0,Vertex,2023-12-17 12:24:51.352677
12.2,450.0,15.5,322.0,Vertex,2023-12-17 12:24:51.352677
12.15,450.0,16.0,312.0,Vertex,2023-12-17 12:24:51.352677
12.1,450.0,16.5,302.0,Vertex,2023-12-17 12:24:51.352677
11.5,26.0,,,Vertex,2023-12-17 12:24:51.352677
10.022,86.0,,,Vertex,2023-12-17 12:24:51.352677
13.862,216.0,13.866,100.0,Vertex,2023-12-17 13:15:07.371269
13.861,320.0,13.869,320.0,Vertex,2023-12-17 13:15:07.371269
13.859,1182.0,13.873,216.0,Vertex,2023-12-17 13:15:07.371269
13.858,2164.0,13.875,10800.0,Vertex,2023-12-17 13:15:07.371269
13.852,3608.0,13.876,1268.0,Vertex,2023-12-17 13:15:07.371269
13.85,10800.0,13.877,2160.0,Vertex,2023-12-17 13:15:07.371269
13.84,188.0,13.883,3600.0,Vertex,2023-12-17 13:15:07.371269
13.822,7444.0,13.901,210.0,Vertex,2023-12-17 13:15:07.371269
13.8,200.0,13.927,200.0,Vertex,2023-12-17 13:15:07.371269
13.604,74.0,13.931,7178.0,Vertex,2023-12-17 13:15:07.371269
12.6,350.0,14.171,76.0,Vertex,2023-12-17 13:15:07.371269
12.56,50.0,14.41,100.0,Vertex,2023-12-17 13:15:07.371269
12.55,350.0,14.46,100.0,Vertex,2023-12-17 13:15:07.371269
12.5,3328.0,14.489,76.0,Vertex,2023-12-17 13:15:07.371269
12.45,400.0,14.53,100.0,Vertex,2023-12-17 13:15:07.371269
12.4,400.0,14.63,200.0,Vertex,2023-12-17 13:15:07.371269
12.35,400.0,14.74,200.0,Vertex,2023-12-17 13:15:07.371269
12.3,400.0,14.9,3000.0,Vertex,2023-12-17 13:15:07.371269
12.25,450.0,15.0,432.0,Vertex,2023-12-17 13:15:07.371269
12.2,450.0,15.5,322.0,Vertex,2023-12-17 13:15:07.371269
12.15,450.0,16.0,312.0,Vertex,2023-12-17 13:15:07.371269
12.1,450.0,16.5,302.0,Vertex,2023-12-17 13:15:07.371269
11.5,26.0,,,Vertex,2023-12-17 13:15:07.371269
10.022,86.0,,,Vertex,2023-12-17 13:15:07.371269
13.693,100.0,13.696,320.0,Vertex,2023-12-17 14:11:56.620745
13.688,320.0,13.697,218.0,Vertex,2023-12-17 14:11:56.620745
13.685,218.0,13.7,1194.0,Vertex,2023-12-17 14:11:56.620745
13.682,13172.0,13.702,2378.0,Vertex,2023-12-17 14:11:56.620745
13.68,2192.0,13.709,3646.0,Vertex,2023-12-17 14:11:56.620745
13.679,190.0,13.71,10980.0,Vertex,2023-12-17 14:11:56.620745
13.674,3656.0,13.713,190.0,Vertex,2023-12-17 14:11:56.620745
13.671,190.0,13.732,210.0,Vertex,2023-12-17 14:11:56.620745
13.651,210.0,13.758,7268.0,Vertex,2023-12-17 14:11:56.620745
13.648,7326.0,13.76,202.0,Vertex,2023-12-17 14:11:56.620745
13.633,202.0,13.971,76.0,Vertex,2023-12-17 14:11:56.620745
13.437,74.0,14.46,100.0,Vertex,2023-12-17 14:11:56.620745
12.6,350.0,14.489,76.0,Vertex,2023-12-17 14:11:56.620745
12.56,50.0,14.53,100.0,Vertex,2023-12-17 14:11:56.620745
12.55,350.0,14.63,200.0,Vertex,2023-12-17 14:11:56.620745
12.5,3328.0,14.74,200.0,Vertex,2023-12-17 14:11:56.620745
12.45,400.0,14.9,3000.0,Vertex,2023-12-17 14:11:56.620745
12.4,400.0,15.0,432.0,Vertex,2023-12-17 14:11:56.620745
12.35,400.0,15.5,322.0,Vertex,2023-12-17 14:11:56.620745
12.3,400.0,16.0,312.0,Vertex,2023-12-17 14:11:56.620745
12.25,450.0,16.5,302.0,Vertex,2023-12-17 14:11:56.620745
12.2,450.0,,,Vertex,2023-12-17 14:11:56.620745
12.15,450.0,,,Vertex,2023-12-17 14:11:56.620745
12.1,450.0,,,Vertex,2023-12-17 14:11:56.620745
11.5,26.0,,,Vertex,2023-12-17 14:11:56.620745
13.373,110.0,13.377,110.0,Vertex,2023-12-17 15:13:02.713035
13.372,330.0,13.378,554.0,Vertex,2023-12-17 15:13:02.713035
13.371,224.0,13.379,1120.0,Vertex,2023-12-17 15:13:02.713035
13.37,1120.0,13.381,2242.0,Vertex,2023-12-17 15:13:02.713035
13.369,2242.0,13.385,11316.0,Vertex,2023-12-17 15:13:02.713035
13.365,14860.0,13.386,3734.0,Vertex,2023-12-17 15:13:02.713035
13.362,196.0,13.391,196.0,Vertex,2023-12-17 15:13:02.713035
13.352,196.0,13.411,220.0,Vertex,2023-12-17 15:13:02.713035
13.334,220.0,13.429,7446.0,Vertex,2023-12-17 15:13:02.713035
13.326,7502.0,13.439,206.0,Vertex,2023-12-17 15:13:02.713035
13.314,206.0,13.641,76.0,Vertex,2023-12-17 15:13:02.713035
13.097,74.0,14.075,100.0,Vertex,2023-12-17 15:13:02.713035
12.8,100.0,14.15,100.0,Vertex,2023-12-17 15:13:02.713035
12.7,100.0,14.25,100.0,Vertex,2023-12-17 15:13:02.713035
12.6,450.0,14.35,100.0,Vertex,2023-12-17 15:13:02.713035
12.56,50.0,14.46,100.0,Vertex,2023-12-17 15:13:02.713035
12.55,350.0,14.489,76.0,Vertex,2023-12-17 15:13:02.713035
12.5,3528.0,14.53,100.0,Vertex,2023-12-17 15:13:02.713035
12.45,400.0,14.63,200.0,Vertex,2023-12-17 15:13:02.713035
12.4,400.0,14.74,200.0,Vertex,2023-12-17 15:13:02.713035
12.35,400.0,14.9,3000.0,Vertex,2023-12-17 15:13:02.713035
12.3,400.0,15.0,432.0,Vertex,2023-12-17 15:13:02.713035
12.25,450.0,15.5,322.0,Vertex,2023-12-17 15:13:02.713035
12.2,450.0,16.0,312.0,Vertex,2023-12-17 15:13:02.713035
12.15,450.0,16.5,302.0,Vertex,2023-12-17 15:13:02.713035
13.339,30.0,13.343,440.0,Vertex,2023-12-17 16:16:45.869157
13.336,440.0,13.351,11260.0,Vertex,2023-12-17 16:16:45.869157
13.331,224.0,13.352,418.0,Vertex,2023-12-17 16:16:45.869157
13.33,194.0,13.357,1122.0,Vertex,2023-12-17 16:16:45.869157
13.325,12384.0,13.36,194.0,Vertex,2023-12-17 16:16:45.869157
13.322,2250.0,13.361,2244.0,Vertex,2023-12-17 16:16:45.869157
13.321,194.0,13.368,3740.0,Vertex,2023-12-17 16:16:45.869157
13.313,3754.0,13.37,220.0,Vertex,2023-12-17 16:16:45.869157
13.293,220.0,13.401,208.0,Vertex,2023-12-17 16:16:45.869157
13.276,208.0,13.411,7456.0,Vertex,2023-12-17 16:16:45.869157
13.267,7536.0,13.616,76.0,Vertex,2023-12-17 16:16:45.869157
13.08,74.0,14.075,100.0,Vertex,2023-12-17 16:16:45.869157
12.8,100.0,14.15,100.0,Vertex,2023-12-17 16:16:45.869157
12.76,32.0,14.25,100.0,Vertex,2023-12-17 16:16:45.869157
12.75,1530.0,14.35,100.0,Vertex,2023-12-17 16:16:45.869157
12.7,100.0,14.46,100.0,Vertex,2023-12-17 16:16:45.869157
12.6,450.0,14.489,76.0,Vertex,2023-12-17 16:16:45.869157
12.56,50.0,14.53,100.0,Vertex,2023-12-17 16:16:45.869157
12.55,350.0,14.63,200.0,Vertex,2023-12-17 16:16:45.869157
12.5,3528.0,14.74,200.0,Vertex,2023-12-17 16:16:45.869157
12.45,400.0,14.9,3000.0,Vertex,2023-12-17 16:16:45.869157
12.4,400.0,15.0,432.0,Vertex,2023-12-17 16:16:45.869157
12.35,400.0,15.5,322.0,Vertex,2023-12-17 16:16:45.869157
12.3,400.0,16.0,312.0,Vertex,2023-12-17 16:16:45.869157
12.25,450.0,16.5,302.0,Vertex,2023-12-17 16:16:45.869157
13.591,320.0,13.597,420.0,Vertex,2023-12-17 17:12:08.969333
13.589,320.0,13.611,1102.0,Vertex,2023-12-17 17:12:08.969333
13.586,2208.0,13.613,10950.0,Vertex,2023-12-17 17:12:08.969333
13.583,2208.0,13.616,2202.0,Vertex,2023-12-17 17:12:08.969333
13.577,3682.0,13.623,3670.0,Vertex,2023-12-17 17:12:08.969333
13.554,210.0,13.627,210.0,Vertex,2023-12-17 17:12:08.969333
13.534,7592.0,13.66,204.0,Vertex,2023-12-17 17:12:08.969333
13.323,74.0,13.675,7312.0,Vertex,2023-12-17 17:12:08.969333
12.8,100.0,13.865,76.0,Vertex,2023-12-17 17:12:08.969333
12.76,32.0,14.075,100.0,Vertex,2023-12-17 17:12:08.969333
12.75,1530.0,14.15,100.0,Vertex,2023-12-17 17:12:08.969333
12.7,100.0,14.25,100.0,Vertex,2023-12-17 17:12:08.969333
12.6,450.0,14.35,100.0,Vertex,2023-12-17 17:12:08.969333
12.56,50.0,14.46,100.0,Vertex,2023-12-17 17:12:08.969333
12.55,350.0,14.489,76.0,Vertex,2023-12-17 17:12:08.969333
12.5,3528.0,14.53,100.0,Vertex,2023-12-17 17:12:08.969333
12.45,400.0,14.63,200.0,Vertex,2023-12-17 17:12:08.969333
12.4,400.0,14.74,200.0,Vertex,2023-12-17 17:12:08.969333
12.35,400.0,14.9,3000.0,Vertex,2023-12-17 17:12:08.969333
12.3,400.0,15.0,432.0,Vertex,2023-12-17 17:12:08.969333
12.25,450.0,15.5,322.0,Vertex,2023-12-17 17:12:08.969333
12.2,450.0,16.0,312.0,Vertex,2023-12-17 17:12:08.969333
12.15,450.0,16.5,302.0,Vertex,2023-12-17 17:12:08.969333
12.1,450.0,,,Vertex,2023-12-17 17:12:08.969333
11.5,26.0,,,Vertex,2023-12-17 17:12:08.969333
13.143,372.0,13.148,340.0,Vertex,2023-12-17 18:16:48.349856
13.142,110.0,13.15,110.0,Vertex,2023-12-17 18:16:48.349856
13.139,228.0,13.154,228.0,Vertex,2023-12-17 18:16:48.349856
13.135,1140.0,13.158,12800.0,Vertex,2023-12-17 18:16:48.349856
13.134,2284.0,13.16,2478.0,Vertex,2023-12-17 18:16:48.349856
13.133,200.0,13.162,220.0,Vertex,2023-12-17 18:16:48.349856
13.13,11460.0,13.166,3796.0,Vertex,2023-12-17 18:16:48.349856
13.126,3808.0,13.204,210.0,Vertex,2023-12-17 18:16:48.349856
13.124,200.0,13.214,7566.0,Vertex,2023-12-17 18:16:48.349856
13.098,220.0,13.402,76.0,Vertex,2023-12-17 18:16:48.349856
13.084,210.0,14.075,100.0,Vertex,2023-12-17 18:16:48.349856
13.072,7648.0,14.15,100.0,Vertex,2023-12-17 18:16:48.349856
12.867,74.0,14.25,100.0,Vertex,2023-12-17 18:16:48.349856
12.8,100.0,14.35,100.0,Vertex,2023-12-17 18:16:48.349856
12.72,1380.0,14.46,100.0,Vertex,2023-12-17 18:16:48.349856
12.7,100.0,14.489,76.0,Vertex,2023-12-17 18:16:48.349856
12.6,450.0,14.53,100.0,Vertex,2023-12-17 18:16:48.349856
12.56,50.0,14.63,200.0,Vertex,2023-12-17 18:16:48.349856
12.55,350.0,14.74,200.0,Vertex,2023-12-17 18:16:48.349856
12.5,3528.0,14.9,3000.0,Vertex,2023-12-17 18:16:48.349856
12.45,400.0,15.0,432.0,Vertex,2023-12-17 18:16:48.349856
12.4,400.0,15.5,322.0,Vertex,2023-12-17 18:16:48.349856
12.35,400.0,16.0,312.0,Vertex,2023-12-17 18:16:48.349856
12.3,400.0,16.5,302.0,Vertex,2023-12-17 18:16:48.349856
12.25,450.0,,,Vertex,2023-12-17 18:16:48.349856
13.239,32.0,13.243,330.0,Vertex,2023-12-17 19:10:50.108266
13.238,110.0,13.244,110.0,Vertex,2023-12-17 19:10:50.108266
13.237,330.0,13.248,226.0,Vertex,2023-12-17 19:10:50.108266
13.235,2266.0,13.25,1328.0,Vertex,2023-12-17 19:10:50.108266
13.231,3778.0,13.251,2262.0,Vertex,2023-12-17 19:10:50.108266
13.23,11310.0,13.255,11506.0,Vertex,2023-12-17 19:10:50.108266
13.226,196.0,13.257,3770.0,Vertex,2023-12-17 19:10:50.108266
13.219,196.0,13.261,220.0,Vertex,2023-12-17 19:10:50.108266
13.193,220.0,13.286,7526.0,Vertex,2023-12-17 19:10:50.108266
13.186,7582.0,13.304,7760.0,Vertex,2023-12-17 19:10:50.108266
13.182,7760.0,13.495,76.0,Vertex,2023-12-17 19:10:50.108266
12.975,74.0,14.075,100.0,Vertex,2023-12-17 19:10:50.108266
12.8,100.0,14.15,100.0,Vertex,2023-12-17 19:10:50.108266
12.72,1380.0,14.25,100.0,Vertex,2023-12-17 19:10:50.108266
12.7,100.0,14.35,100.0,Vertex,2023-12-17 19:10:50.108266
12.6,450.0,14.46,100.0,Vertex,2023-12-17 19:10:50.108266
12.56,50.0,14.489,76.0,Vertex,2023-12-17 19:10:50.108266
12.55,350.0,14.53,100.0,Vertex,2023-12-17 19:10:50.108266
12.5,3528.0,14.63,200.0,Vertex,2023-12-17 19:10:50.108266
12.45,400.0,14.74,200.0,Vertex,2023-12-17 19:10:50.108266
12.4,400.0,14.9,3000.0,Vertex,2023-12-17 19:10:50.108266
12.35,400.0,15.0,432.0,Vertex,2023-12-17 19:10:50.108266
12.3,400.0,15.5,322.0,Vertex,2023-12-17 19:10:50.108266
12.25,450.0,16.0,312.0,Vertex,2023-12-17 19:10:50.108266
12.2,450.0,16.5,302.0,Vertex,2023-12-17 19:10:50.108266
13.113,228.0,13.116,340.0,Vertex,2023-12-17 20:13:56.791268
13.112,110.0,13.117,228.0,Vertex,2023-12-17 20:13:56.791268
13.111,3772.0,13.118,1252.0,Vertex,2023-12-17 20:13:56.791268
13.106,3814.0,13.119,1142.0,Vertex,2023-12-17 20:13:56.791268
13.105,11598.0,13.124,3810.0,Vertex,2023-12-17 20:13:56.791268
13.097,198.0,13.126,11400.0,Vertex,2023-12-17 20:13:56.791268
13.077,7646.0,13.13,198.0,Vertex,2023-12-17 20:13:56.791268
13.067,220.0,13.133,198.0,Vertex,2023-12-17 20:13:56.791268
13.054,7836.0,13.141,220.0,Vertex,2023-12-17 20:13:56.791268
12.868,74.0,13.162,7596.0,Vertex,2023-12-17 20:13:56.791268
12.8,100.0,13.177,7834.0,Vertex,2023-12-17 20:13:56.791268
12.72,1380.0,13.382,76.0,Vertex,2023-12-17 20:13:56.791268
12.7,100.0,14.075,100.0,Vertex,2023-12-17 20:13:56.791268
12.6,450.0,14.15,100.0,Vertex,2023-12-17 20:13:56.791268
12.56,50.0,14.25,100.0,Vertex,2023-12-17 20:13:56.791268
12.55,350.0,14.35,100.0,Vertex,2023-12-17 20:13:56.791268
12.5,3528.0,14.367,176.0,Vertex,2023-12-17 20:13:56.791268
12.45,400.0,14.46,100.0,Vertex,2023-12-17 20:13:56.791268
12.4,400.0,14.53,100.0,Vertex,2023-12-17 20:13:56.791268
12.35,400.0,14.63,200.0,Vertex,2023-12-17 20:13:56.791268
12.3,400.0,14.74,200.0,Vertex,2023-12-17 20:13:56.791268
12.25,450.0,14.9,3000.0,Vertex,2023-12-17 20:13:56.791268
12.2,450.0,15.0,432.0,Vertex,2023-12-17 20:13:56.791268
12.15,450.0,15.5,322.0,Vertex,2023-12-17 20:13:56.791268
12.1,450.0,16.0,312.0,Vertex,2023-12-17 20:13:56.791268
13.124,32.0,13.126,340.0,Vertex,2023-12-17 21:11:51.336408
13.123,228.0,13.127,110.0,Vertex,2023-12-17 21:11:51.336408
13.121,1592.0,13.128,228.0,Vertex,2023-12-17 21:11:51.336408
13.119,2286.0,13.13,2284.0,Vertex,2023-12-17 21:11:51.336408
13.114,3812.0,13.132,2284.0,Vertex,2023-12-17 21:11:51.336408
13.11,11638.0,13.133,198.0,Vertex,2023-12-17 21:11:51.336408
13.099,198.0,13.134,3806.0,Vertex,2023-12-17 21:11:51.336408
13.074,220.0,13.138,11638.0,Vertex,2023-12-17 21:11:51.336408
13.073,7648.0,13.15,220.0,Vertex,2023-12-17 21:11:51.336408
13.067,7828.0,13.158,7600.0,Vertex,2023-12-17 21:11:51.336408
12.89,50.0,13.187,7828.0,Vertex,2023-12-17 21:11:51.336408
12.843,74.0,13.395,76.0,Vertex,2023-12-17 21:11:51.336408
12.8,100.0,13.55,5450.0,Vertex,2023-12-17 21:11:51.336408
12.72,1380.0,14.075,100.0,Vertex,2023-12-17 21:11:51.336408
12.7,100.0,14.15,100.0,Vertex,2023-12-17 21:11:51.336408
12.6,450.0,14.25,100.0,Vertex,2023-12-17 21:11:51.336408
12.56,50.0,14.35,100.0,Vertex,2023-12-17 21:11:51.336408
12.55,350.0,14.367,176.0,Vertex,2023-12-17 21:11:51.336408
12.5,3528.0,14.46,100.0,Vertex,2023-12-17 21:11:51.336408
12.45,400.0,14.53,100.0,Vertex,2023-12-17 21:11:51.336408
12.4,400.0,14.63,200.0,Vertex,2023-12-17 21:11:51.336408
12.35,400.0,14.74,200.0,Vertex,2023-12-17 21:11:51.336408
12.3,400.0,14.9,100.0,Vertex,2023-12-17 21:11:51.336408
12.25,450.0,15.0,432.0,Vertex,2023-12-17 21:11:51.336408
12.2,450.0,15.5,322.0,Vertex,2023-12-17 21:11:51.336408
13.029,372.0,13.034,680.0,Vertex,2023-12-17 22:12:42.229667
13.028,1490.0,13.035,1150.0,Vertex,2023-12-17 22:12:42.229667
13.027,1150.0,13.036,2300.0,Vertex,2023-12-17 22:12:42.229667
13.024,200.0,13.04,3834.0,Vertex,2023-12-17 22:12:42.229667
13.022,3838.0,13.044,11510.0,Vertex,2023-12-17 22:12:42.229667
13.021,200.0,13.047,200.0,Vertex,2023-12-17 22:12:42.229667
13.018,11510.0,13.053,200.0,Vertex,2023-12-17 22:12:42.229667
12.984,230.0,13.055,230.0,Vertex,2023-12-17 22:12:42.229667
12.978,7704.0,13.078,7646.0,Vertex,2023-12-17 22:12:42.229667
12.972,7886.0,13.089,7888.0,Vertex,2023-12-17 22:12:42.229667
12.9,400.0,13.299,76.0,Vertex,2023-12-17 22:12:42.229667
12.89,50.0,13.55,5450.0,Vertex,2023-12-17 22:12:42.229667
12.85,400.0,13.72,100.0,Vertex,2023-12-17 22:12:42.229667
12.8,500.0,13.82,100.0,Vertex,2023-12-17 22:12:42.229667
12.75,450.0,13.92,100.0,Vertex,2023-12-17 22:12:42.229667
12.735,74.0,14.075,100.0,Vertex,2023-12-17 22:12:42.229667
12.72,1380.0,14.15,100.0,Vertex,2023-12-17 22:12:42.229667
12.7,550.0,14.25,100.0,Vertex,2023-12-17 22:12:42.229667
12.65,450.0,14.35,100.0,Vertex,2023-12-17 22:12:42.229667
12.6,550.0,14.367,176.0,Vertex,2023-12-17 22:12:42.229667
12.56,50.0,14.46,100.0,Vertex,2023-12-17 22:12:42.229667
12.55,450.0,14.53,100.0,Vertex,2023-12-17 22:12:42.229667
12.5,3628.0,14.63,200.0,Vertex,2023-12-17 22:12:42.229667
12.45,500.0,14.74,200.0,Vertex,2023-12-17 22:12:42.229667
12.4,500.0,14.9,100.0,Vertex,2023-12-17 22:12:42.229667
12.883,340.0,12.887,32.0,Vertex,2023-12-17 23:14:03.034577
12.882,110.0,12.889,340.0,Vertex,2023-12-17 23:14:03.034577
12.878,232.0,12.89,342.0,Vertex,2023-12-17 23:14:03.034577
12.875,1164.0,12.892,1162.0,Vertex,2023-12-17 23:14:03.034577
12.874,11650.0,12.894,11650.0,Vertex,2023-12-17 23:14:03.034577
12.873,2532.0,12.895,2528.0,Vertex,2023-12-17 23:14:03.034577
12.868,3884.0,12.899,3876.0,Vertex,2023-12-17 23:14:03.034577
12.866,202.0,12.9,202.0,Vertex,2023-12-17 23:14:03.034577
12.85,400.0,12.913,230.0,Vertex,2023-12-17 23:14:03.034577
12.838,230.0,12.936,7730.0,Vertex,2023-12-17 23:14:03.034577
12.837,7788.0,12.944,7976.0,Vertex,2023-12-17 23:14:03.034577
12.827,7976.0,13.118,76.0,Vertex,2023-12-17 23:14:03.034577
12.8,500.0,13.55,5450.0,Vertex,2023-12-17 23:14:03.034577
12.75,450.0,13.72,100.0,Vertex,2023-12-17 23:14:03.034577
12.7,550.0,13.82,100.0,Vertex,2023-12-17 23:14:03.034577
12.65,450.0,13.92,100.0,Vertex,2023-12-17 23:14:03.034577
12.6,550.0,14.075,100.0,Vertex,2023-12-17 23:14:03.034577
12.597,74.0,14.15,100.0,Vertex,2023-12-17 23:14:03.034577
12.56,50.0,14.25,100.0,Vertex,2023-12-17 23:14:03.034577
12.55,450.0,14.35,100.0,Vertex,2023-12-17 23:14:03.034577
12.5,3628.0,14.367,176.0,Vertex,2023-12-17 23:14:03.034577
12.45,500.0,14.46,100.0,Vertex,2023-12-17 23:14:03.034577
12.4,500.0,14.53,100.0,Vertex,2023-12-17 23:14:03.034577
12.35,500.0,14.63,200.0,Vertex,2023-12-17 23:14:03.034577
12.3,500.0,14.74,200.0,Vertex,2023-12-17 23:14:03.034577
12.76,350.0,12.764,32.0,Vertex,2023-12-18 01:04:53.174205
12.758,312.0,12.766,584.0,Vertex,2023-12-18 01:04:53.174205
12.756,234.0,12.768,1174.0,Vertex,2023-12-18 01:04:53.174205
12.755,1174.0,12.77,2348.0,Vertex,2023-12-18 01:04:53.174205
12.753,2352.0,12.772,110.0,Vertex,2023-12-18 01:04:53.174205
12.749,11730.0,12.775,3914.0,Vertex,2023-12-18 01:04:53.174205
12.748,4124.0,12.779,11932.0,Vertex,2023-12-18 01:04:53.174205
12.716,230.0,12.784,202.0,Vertex,2023-12-18 01:04:53.174205
12.712,7866.0,12.788,230.0,Vertex,2023-12-18 01:04:53.174205
12.705,8052.0,12.814,7804.0,Vertex,2023-12-18 01:04:53.174205
12.55,450.0,12.822,8052.0,Vertex,2023-12-18 01:04:53.174205
12.5,3628.0,13.015,76.0,Vertex,2023-12-18 01:04:53.174205
12.473,74.0,13.55,5450.0,Vertex,2023-12-18 01:04:53.174205
12.45,500.0,13.72,100.0,Vertex,2023-12-18 01:04:53.174205
12.4,500.0,13.82,100.0,Vertex,2023-12-18 01:04:53.174205
12.35,500.0,13.92,100.0,Vertex,2023-12-18 01:04:53.174205
12.3,500.0,14.075,100.0,Vertex,2023-12-18 01:04:53.174205
12.25,600.0,14.15,100.0,Vertex,2023-12-18 01:04:53.174205
12.2,600.0,14.25,100.0,Vertex,2023-12-18 01:04:53.174205
12.15,600.0,14.35,100.0,Vertex,2023-12-18 01:04:53.174205
12.1,600.0,14.367,176.0,Vertex,2023-12-18 01:04:53.174205
