bid_price,bid_size,ask_price,ask_size,protocol_name,timestamp
1546.4,1.3,1546.5,328.18,Vertex,2023-10-14 12:24:02.519102
1546.2,40.07,1546.6,129.31,Vertex,2023-10-14 12:24:02.519102
1546.1,59.47,1546.8,1.3,Vertex,2023-10-14 12:24:02.519102
1546.0,64.68,1546.9,229.48,Vertex,2023-10-14 12:24:02.519102
1545.9,123.59,1547.0,1.6,Vertex,2023-10-14 12:24:02.519102
1545.8,133.37,1547.1,1.3,Vertex,2023-10-14 12:24:02.519102
1545.7,74.96,1547.3,2.3,Vertex,2023-10-14 12:24:02.519102
1545.6,6.4,1547.5,2.7,Vertex,2023-10-14 12:24:02.519102
1545.5,226.44,1547.6,5.3,Vertex,2023-10-14 12:24:02.519102
1545.3,6.4,1547.7,3.55,Vertex,2023-10-14 12:24:02.519102
1545.1,4.1,1547.8,129.98,Vertex,2023-10-14 12:24:02.519102
1545.0,10.0,1547.9,3.5,Vertex,2023-10-14 12:24:02.519102
1544.9,3.55,1548.1,0.2,Vertex,2023-10-14 12:24:02.519102
1544.8,11.84,1548.3,0.2,Vertex,2023-10-14 12:24:02.519102
1544.3,12.93,1548.6,2.3,Vertex,2023-10-14 12:24:02.519102
1544.1,13.23,1548.7,4.75,Vertex,2023-10-14 12:24:02.519102
1544.0,3.5,1549.0,1.2,Vertex,2023-10-14 12:24:02.519102
1543.9,9.69,1549.8,10.0,Vertex,2023-10-14 12:24:02.519102
1543.1,10.0,1550.8,10.0,Vertex,2023-10-14 12:24:02.519102
1542.1,10.0,1551.8,10.0,Vertex,2023-10-14 12:24:02.519102
1540.2,2.0,1552.8,10.0,Vertex,2023-10-14 12:24:02.519102
1540.0,0.54,1569.0,20.0,Vertex,2023-10-14 12:24:02.519102
1537.0,15.0,1579.0,20.0,Vertex,2023-10-14 12:24:02.519102
1515.0,6.6,1589.0,20.0,Vertex,2023-10-14 12:24:02.519102
1514.0,0.53,1590.0,7.0,Vertex,2023-10-14 12:24:02.519102
1549.7,94.95,1549.8,125.41,Vertex,2023-10-14 13:14:24.984742
1549.6,64.53,1549.9,120.4,Vertex,2023-10-14 13:14:24.984742
1549.5,54.18,1550.0,130.73,Vertex,2023-10-14 13:14:24.984742
1549.4,139.22,1550.1,0.4,Vertex,2023-10-14 13:14:24.984742
1549.3,2.7,1550.2,5.72,Vertex,2023-10-14 13:14:24.984742
1549.2,1.0,1550.3,2.5,Vertex,2023-10-14 13:14:24.984742
1549.1,2.1,1550.4,0.5,Vertex,2023-10-14 13:14:24.984742
1549.0,226.73,1550.5,228.14,Vertex,2023-10-14 13:14:24.984742
1548.9,119.1,1550.6,1.2,Vertex,2023-10-14 13:14:24.984742
1548.8,4.6,1550.7,6.4,Vertex,2023-10-14 13:14:24.984742
1548.7,1.8,1550.8,11.5,Vertex,2023-10-14 13:14:24.984742
1548.6,3.7,1550.9,6.7,Vertex,2023-10-14 13:14:24.984742
1548.5,6.6,1551.0,8.84,Vertex,2023-10-14 13:14:24.984742
1548.3,15.38,1551.1,131.27,Vertex,2023-10-14 13:14:24.984742
1547.7,3.42,1551.2,0.4,Vertex,2023-10-14 13:14:24.984742
1547.6,9.87,1551.4,0.4,Vertex,2023-10-14 13:14:24.984742
1547.4,3.8,1551.5,0.5,Vertex,2023-10-14 13:14:24.984742
1547.3,12.9,1551.7,0.6,Vertex,2023-10-14 13:14:24.984742
1547.1,0.3,1551.8,10.8,Vertex,2023-10-14 13:14:24.984742
1544.1,10.0,1552.1,4.24,Vertex,2023-10-14 13:14:24.984742
1543.1,10.0,1552.2,2.0,Vertex,2023-10-14 13:14:24.984742
1542.1,10.0,1552.8,10.0,Vertex,2023-10-14 13:14:24.984742
1540.2,2.0,1569.0,20.0,Vertex,2023-10-14 13:14:24.984742
1540.0,0.54,1579.0,20.0,Vertex,2023-10-14 13:14:24.984742
1537.0,15.0,1589.0,20.0,Vertex,2023-10-14 13:14:24.984742
1551.4,1.8,1551.5,157.55,Vertex,2023-10-14 14:11:05.348940
1551.3,0.1,1551.6,183.1,Vertex,2023-10-14 14:11:05.348940
1551.2,102.12,1551.8,1.5,Vertex,2023-10-14 14:11:05.348940
1551.1,45.21,1551.9,226.53,Vertex,2023-10-14 14:11:05.348940
1551.0,32.22,1552.0,5.22,Vertex,2023-10-14 14:11:05.348940
1550.9,10.26,1552.1,5.4,Vertex,2023-10-14 14:11:05.348940
1550.8,131.06,1552.2,6.5,Vertex,2023-10-14 14:11:05.348940
1550.7,117.11,1552.3,2.9,Vertex,2023-10-14 14:11:05.348940
1550.6,1.8,1552.4,1.8,Vertex,2023-10-14 14:11:05.348940
1550.5,2.2,1552.5,5.5,Vertex,2023-10-14 14:11:05.348940
1550.4,229.02,1552.6,4.9,Vertex,2023-10-14 14:11:05.348940
1550.3,5.2,1552.7,8.94,Vertex,2023-10-14 14:11:05.348940
1550.2,3.0,1552.8,26.66,Vertex,2023-10-14 14:11:05.348940
1550.1,6.24,1552.9,5.2,Vertex,2023-10-14 14:11:05.348940
1550.0,17.64,1553.0,120.31,Vertex,2023-10-14 14:11:05.348940
1549.8,1.0,1553.1,3.8,Vertex,2023-10-14 14:11:05.348940
1549.4,3.22,1553.4,1.4,Vertex,2023-10-14 14:11:05.348940
1549.3,9.66,1553.7,2.0,Vertex,2023-10-14 14:11:05.348940
1549.0,16.38,1553.8,4.23,Vertex,2023-10-14 14:11:05.348940
1544.1,10.0,1554.8,10.0,Vertex,2023-10-14 14:11:05.348940
1543.1,10.0,1558.0,2.0,Vertex,2023-10-14 14:11:05.348940
1542.1,10.0,1558.4,10.0,Vertex,2023-10-14 14:11:05.348940
1540.2,2.0,1569.0,20.0,Vertex,2023-10-14 14:11:05.348940
1540.0,0.54,1579.0,20.0,Vertex,2023-10-14 14:11:05.348940
1537.0,15.0,1589.0,20.0,Vertex,2023-10-14 14:11:05.348940
1550.3,156.61,1550.4,27.99,Vertex,2023-10-14 15:12:20.476258
1550.2,129.1,1550.5,27.99,Vertex,2023-10-14 15:12:20.476258
1550.1,225.78,1550.6,13.09,Vertex,2023-10-14 15:12:20.476258
1550.0,54.18,1550.7,34.74,Vertex,2023-10-14 15:12:20.476258
1549.9,0.5,1550.8,34.44,Vertex,2023-10-14 15:12:20.476258
1549.8,1.6,1550.9,39.0,Vertex,2023-10-14 15:12:20.476258
1549.7,116.12,1551.0,134.25,Vertex,2023-10-14 15:12:20.476258
1549.6,12.64,1551.1,2.5,Vertex,2023-10-14 15:12:20.476258
1549.5,5.84,1551.3,3.0,Vertex,2023-10-14 15:12:20.476258
1549.4,0.2,1551.4,225.61,Vertex,2023-10-14 15:12:20.476258
1549.3,2.8,1551.6,116.12,Vertex,2023-10-14 15:12:20.476258
1549.2,4.82,1551.7,13.2,Vertex,2023-10-14 15:12:20.476258
1549.1,3.1,1552.5,4.24,Vertex,2023-10-14 15:12:20.476258
1549.0,0.4,1552.8,10.0,Vertex,2023-10-14 15:12:20.476258
1548.9,11.16,1553.2,2.0,Vertex,2023-10-14 15:12:20.476258
1548.8,1.4,1554.8,10.0,Vertex,2023-10-14 15:12:20.476258
1548.6,0.3,1558.0,2.0,Vertex,2023-10-14 15:12:20.476258
1548.5,0.4,1558.4,10.0,Vertex,2023-10-14 15:12:20.476258
1548.4,0.7,1567.0,0.2,Vertex,2023-10-14 15:12:20.476258
1548.2,12.9,1569.0,20.0,Vertex,2023-10-14 15:12:20.476258
1548.1,2.4,1579.0,20.0,Vertex,2023-10-14 15:12:20.476258
1547.9,5.09,1589.0,20.0,Vertex,2023-10-14 15:12:20.476258
1547.8,1.2,1590.0,7.0,Vertex,2023-10-14 15:12:20.476258
1547.6,0.4,1592.0,1.0,Vertex,2023-10-14 15:12:20.476258
1547.5,0.5,1599.0,20.0,Vertex,2023-10-14 15:12:20.476258
1556.5,201.25,1556.6,0.6,Vertex,2023-10-14 16:15:50.591449
1556.4,128.49,1556.7,28.14,Vertex,2023-10-14 16:15:50.591449
1556.3,53.96,1556.8,12.83,Vertex,2023-10-14 16:15:50.591449
1556.2,1.8,1556.9,59.08,Vertex,2023-10-14 16:15:50.591449
1556.0,227.11,1557.0,116.41,Vertex,2023-10-14 16:15:50.591449
1555.8,2.56,1557.1,5.41,Vertex,2023-10-14 16:15:50.591449
1555.7,118.73,1557.2,131.13,Vertex,2023-10-14 16:15:50.591449
1555.6,11.94,1557.3,0.3,Vertex,2023-10-14 16:15:50.591449
1555.5,3.6,1557.4,4.9,Vertex,2023-10-14 16:15:50.591449
1555.4,4.5,1557.5,2.5,Vertex,2023-10-14 16:15:50.591449
1555.3,8.43,1557.6,228.41,Vertex,2023-10-14 16:15:50.591449
1555.2,2.1,1557.7,4.5,Vertex,2023-10-14 16:15:50.591449
1555.1,3.2,1557.9,134.2,Vertex,2023-10-14 16:15:50.591449
1555.0,3.21,1558.0,4.2,Vertex,2023-10-14 16:15:50.591449
1554.9,5.8,1558.3,0.9,Vertex,2023-10-14 16:15:50.591449
1554.8,10.83,1558.7,4.22,Vertex,2023-10-14 16:15:50.591449
1554.7,4.5,1558.8,2.0,Vertex,2023-10-14 16:15:50.591449
1554.5,5.4,1559.4,2.0,Vertex,2023-10-14 16:15:50.591449
1554.4,19.24,1567.0,0.2,Vertex,2023-10-14 16:15:50.591449
1554.1,3.48,1569.0,20.0,Vertex,2023-10-14 16:15:50.591449
1552.9,4.6,1579.0,20.0,Vertex,2023-10-14 16:15:50.591449
1552.3,2.2,1589.0,20.0,Vertex,2023-10-14 16:15:50.591449
1551.5,5.5,1590.0,7.0,Vertex,2023-10-14 16:15:50.591449
1544.1,10.0,1592.0,1.0,Vertex,2023-10-14 16:15:50.591449
1543.1,10.0,1599.0,20.0,Vertex,2023-10-14 16:15:50.591449
1555.7,2.2,1555.8,342.23,Vertex,2023-10-14 17:10:53.754753
1555.6,0.3,1555.9,224.96,Vertex,2023-10-14 17:10:53.754753
1555.5,54.38,1556.1,3.4,Vertex,2023-10-14 17:10:53.754753
1555.4,54.0,1556.2,5.0,Vertex,2023-10-14 17:10:53.754753
1555.3,6.0,1556.3,3.41,Vertex,2023-10-14 17:10:53.754753
1555.2,48.78,1556.4,4.9,Vertex,2023-10-14 17:10:53.754753
1555.1,190.24,1556.5,5.8,Vertex,2023-10-14 17:10:53.754753
1555.0,6.2,1556.7,1.5,Vertex,2023-10-14 17:10:53.754753
1554.9,131.32,1556.8,1.5,Vertex,2023-10-14 17:10:53.754753
1554.8,5.6,1556.9,4.33,Vertex,2023-10-14 17:10:53.754753
1554.7,7.3,1557.0,116.19,Vertex,2023-10-14 17:10:53.754753
1554.6,1.9,1557.1,11.03,Vertex,2023-10-14 17:10:53.754753
1554.5,228.63,1557.2,0.1,Vertex,2023-10-14 17:10:53.754753
1554.4,1.5,1557.3,1.4,Vertex,2023-10-14 17:10:53.754753
1554.3,1.5,1557.5,0.8,Vertex,2023-10-14 17:10:53.754753
1554.1,11.84,1557.6,0.8,Vertex,2023-10-14 17:10:53.754753
1553.9,0.2,1558.0,2.0,Vertex,2023-10-14 17:10:53.754753
1553.8,0.7,1558.1,4.22,Vertex,2023-10-14 17:10:53.754753
1553.7,5.33,1567.0,0.2,Vertex,2023-10-14 17:10:53.754753
1553.5,3.21,1569.0,20.0,Vertex,2023-10-14 17:10:53.754753
1553.4,13.12,1579.0,20.0,Vertex,2023-10-14 17:10:53.754753
1553.3,12.85,1589.0,20.0,Vertex,2023-10-14 17:10:53.754753
1553.0,4.7,1590.0,7.0,Vertex,2023-10-14 17:10:53.754753
1552.8,0.5,1592.0,1.0,Vertex,2023-10-14 17:10:53.754753
1552.7,0.7,1599.0,20.0,Vertex,2023-10-14 17:10:53.754753
1553.8,99.47,1553.9,109.37,Vertex,2023-10-14 18:16:23.419790
1553.7,86.17,1554.0,108.04,Vertex,2023-10-14 18:16:23.419790
1553.5,64.35,1554.1,128.68,Vertex,2023-10-14 18:16:23.419790
1553.4,0.2,1554.2,2.1,Vertex,2023-10-14 18:16:23.419790
1553.3,115.8,1554.3,5.8100000000000005,Vertex,2023-10-14 18:16:23.419790
1553.2,8.66,1554.4,2.6,Vertex,2023-10-14 18:16:23.419790
1553.1,226.64,1554.5,225.65,Vertex,2023-10-14 18:16:23.419790
1552.9,1.5,1554.6,3.7,Vertex,2023-10-14 18:16:23.419790
1552.8,0.2,1554.8,4.5,Vertex,2023-10-14 18:16:23.419790
1552.7,0.9,1554.9,5.3,Vertex,2023-10-14 18:16:23.419790
1552.6,4.93,1555.0,5.3,Vertex,2023-10-14 18:16:23.419790
1552.5,1.6,1555.1,4.8,Vertex,2023-10-14 18:16:23.419790
1552.3,2.0,1555.2,12.65,Vertex,2023-10-14 18:16:23.419790
1552.2,11.84,1555.3,3.53,Vertex,2023-10-14 18:16:23.419790
1551.9,12.86,1555.4,5.3,Vertex,2023-10-14 18:16:23.419790
1551.8,3.21,1555.5,0.8,Vertex,2023-10-14 18:16:23.419790
1551.7,0.6,1555.6,0.8,Vertex,2023-10-14 18:16:23.419790
1551.6,9.65,1555.7,2.6,Vertex,2023-10-14 18:16:23.419790
1551.5,3.49,1555.8,115.78,Vertex,2023-10-14 18:16:23.419790
1544.1,10.0,1556.0,4.4,Vertex,2023-10-14 18:16:23.419790
1543.1,10.0,1556.1,1.9,Vertex,2023-10-14 18:16:23.419790
1542.1,10.0,1556.2,4.53,Vertex,2023-10-14 18:16:23.419790
1541.1,10.0,1556.3,4.3,Vertex,2023-10-14 18:16:23.419790
1540.0,0.54,1556.4,0.5,Vertex,2023-10-14 18:16:23.419790
1537.0,15.0,1556.5,2.5,Vertex,2023-10-14 18:16:23.419790
1554.3,157.32,1554.4,99.94,Vertex,2023-10-14 19:10:12.634309
1554.2,62.0,1554.5,112.32,Vertex,2023-10-14 19:10:12.634309
1554.1,128.68,1554.6,0.3,Vertex,2023-10-14 19:10:12.634309
1554.0,1.8,1554.7,130.13,Vertex,2023-10-14 19:10:12.634309
1553.8,2.1,1554.8,5.7,Vertex,2023-10-14 19:10:12.634309
1553.7,227.25,1554.9,5.61,Vertex,2023-10-14 19:10:12.634309
1553.6,0.5,1555.1,236.36,Vertex,2023-10-14 19:10:12.634309
1553.5,4.5,1555.2,1.6,Vertex,2023-10-14 19:10:12.634309
1553.4,4.7,1555.3,2.9,Vertex,2023-10-14 19:10:12.634309
1553.3,4.83,1555.4,6.6,Vertex,2023-10-14 19:10:12.634309
1553.2,122.1,1555.5,123.93,Vertex,2023-10-14 19:10:12.634309
1553.1,7.1,1555.6,5.3,Vertex,2023-10-14 19:10:12.634309
1553.0,12.74,1555.7,13.84,Vertex,2023-10-14 19:10:12.634309
1552.9,7.5,1555.8,3.4,Vertex,2023-10-14 19:10:12.634309
1552.8,4.6,1556.5,4.23,Vertex,2023-10-14 19:10:12.634309
1552.7,3.7,1557.0,2.0,Vertex,2023-10-14 19:10:12.634309
1552.6,3.8,1567.0,0.2,Vertex,2023-10-14 19:10:12.634309
1552.5,7.61,1569.0,20.0,Vertex,2023-10-14 19:10:12.634309
1552.4,0.2,1579.0,20.0,Vertex,2023-10-14 19:10:12.634309
1552.3,9.64,1589.0,20.0,Vertex,2023-10-14 19:10:12.634309
1552.2,12.86,1590.0,7.0,Vertex,2023-10-14 19:10:12.634309
1551.8,3.49,1592.0,1.0,Vertex,2023-10-14 19:10:12.634309
1544.1,10.0,1599.0,20.0,Vertex,2023-10-14 19:10:12.634309
1543.1,10.0,1608.0,1.79,Vertex,2023-10-14 19:10:12.634309
1542.1,10.0,1609.0,20.0,Vertex,2023-10-14 19:10:12.634309
1555.0,189.43,1555.1,2.2,Vertex,2023-10-14 20:12:58.962724
1554.9,128.61,1555.2,12.85,Vertex,2023-10-14 20:12:58.962724
1554.8,61.96,1555.3,154.43,Vertex,2023-10-14 20:12:58.962724
1554.6,116.25,1555.5,51.0,Vertex,2023-10-14 20:12:58.962724
1554.5,225.12,1555.6,131.76,Vertex,2023-10-14 20:12:58.962724
1554.4,1.4,1555.7,6.31,Vertex,2023-10-14 20:12:58.962724
1554.3,0.8,1555.8,4.2,Vertex,2023-10-14 20:12:58.962724
1554.1,0.9,1555.9,6.2,Vertex,2023-10-14 20:12:58.962724
1554.0,11.94,1556.0,233.83,Vertex,2023-10-14 20:12:58.962724
1553.9,1.0,1556.1,10.1,Vertex,2023-10-14 20:12:58.962724
1553.8,1.9,1556.2,6.6,Vertex,2023-10-14 20:12:58.962724
1553.7,3.73,1556.3,4.9,Vertex,2023-10-14 20:12:58.962724
1553.6,1.4,1556.4,143.92,Vertex,2023-10-14 20:12:58.962724
1553.5,0.4,1557.3,4.22,Vertex,2023-10-14 20:12:58.962724
1553.4,4.31,1557.7,2.0,Vertex,2023-10-14 20:12:58.962724
1553.3,10.34,1567.0,0.2,Vertex,2023-10-14 20:12:58.962724
1552.9,12.86,1569.0,20.0,Vertex,2023-10-14 20:12:58.962724
1552.6,3.48,1579.0,20.0,Vertex,2023-10-14 20:12:58.962724
1551.0,0.2,1589.0,20.0,Vertex,2023-10-14 20:12:58.962724
1544.1,10.0,1590.0,7.0,Vertex,2023-10-14 20:12:58.962724
1543.1,10.0,1592.0,1.0,Vertex,2023-10-14 20:12:58.962724
1542.1,10.0,1599.0,20.0,Vertex,2023-10-14 20:12:58.962724
1541.1,10.0,1608.0,1.79,Vertex,2023-10-14 20:12:58.962724
1540.0,0.54,1609.0,20.0,Vertex,2023-10-14 20:12:58.962724
1537.0,15.0,1619.0,20.0,Vertex,2023-10-14 20:12:58.962724
1558.5,62.0,1558.6,160.74,Vertex,2023-10-14 21:10:57.520428
1558.3,74.63,1558.7,64.15,Vertex,2023-10-14 21:10:57.520428
1558.1,32.09,1559.0,3.2,Vertex,2023-10-14 21:10:57.520428
1557.9,179.59,1559.1,128.28,Vertex,2023-10-14 21:10:57.520428
1557.5,128.4,1559.5,3.52,Vertex,2023-10-14 21:10:57.520428
1557.1,236.59,1559.7,339.81,Vertex,2023-10-14 21:10:57.520428
1557.0,3.52,1559.9,9.62,Vertex,2023-10-14 21:10:57.520428
1556.9,14.02,1560.3,0.1,Vertex,2023-10-14 21:10:57.520428
1556.8,3.2,1560.8,4.21,Vertex,2023-10-14 21:10:57.520428
1556.7,9.62,1561.2,2.0,Vertex,2023-10-14 21:10:57.520428
1556.6,1.7,1567.0,0.2,Vertex,2023-10-14 21:10:57.520428
1556.0,3.48,1569.0,20.0,Vertex,2023-10-14 21:10:57.520428
1554.7,2.8,1579.0,20.0,Vertex,2023-10-14 21:10:57.520428
1554.4,1.1,1589.0,20.0,Vertex,2023-10-14 21:10:57.520428
1554.2,0.4,1590.0,7.0,Vertex,2023-10-14 21:10:57.520428
1554.1,0.7,1592.0,1.0,Vertex,2023-10-14 21:10:57.520428
1553.9,0.8,1599.0,20.0,Vertex,2023-10-14 21:10:57.520428
1553.8,0.4,1608.0,1.79,Vertex,2023-10-14 21:10:57.520428
1551.0,0.2,1609.0,20.0,Vertex,2023-10-14 21:10:57.520428
1544.1,10.0,1619.0,20.0,Vertex,2023-10-14 21:10:57.520428
1543.1,10.0,1629.0,20.0,Vertex,2023-10-14 21:10:57.520428
1542.1,10.0,1639.0,20.0,Vertex,2023-10-14 21:10:57.520428
1541.1,10.0,1648.0,0.5,Vertex,2023-10-14 21:10:57.520428
1540.0,0.54,1649.0,20.0,Vertex,2023-10-14 21:10:57.520428
1537.0,15.0,1649.8,0.5,Vertex,2023-10-14 21:10:57.520428
1555.7,82.84,1555.8,12.84,Vertex,2023-10-14 22:11:42.526882
1555.6,86.22,1555.9,32.13,Vertex,2023-10-14 22:11:42.526882
1555.4,40.1,1556.0,118.94,Vertex,2023-10-14 22:11:42.526882
1555.3,1.7,1556.1,70.7,Vertex,2023-10-14 22:11:42.526882
1555.2,129.19,1556.2,228.81,Vertex,2023-10-14 22:11:42.526882
1555.1,2.5,1556.3,0.6,Vertex,2023-10-14 22:11:42.526882
1555.0,2.6,1556.4,1.7,Vertex,2023-10-14 22:11:42.526882
1554.9,117.8,1556.5,1.0,Vertex,2023-10-14 22:11:42.526882
1554.8,231.99,1556.6,225.76,Vertex,2023-10-14 22:11:42.526882
1554.6,4.3,1556.7,2.1,Vertex,2023-10-14 22:11:42.526882
1554.5,17.04,1556.8,1.5,Vertex,2023-10-14 22:11:42.526882
1554.3,6.8,1556.9,1.5,Vertex,2023-10-14 22:11:42.526882
1554.2,11.03,1557.0,16.06,Vertex,2023-10-14 22:11:42.526882
1554.0,6.0,1557.1,3.1,Vertex,2023-10-14 22:11:42.526882
1553.8,16.06,1557.2,0.8,Vertex,2023-10-14 22:11:42.526882
1553.6,9.63,1557.3,115.69,Vertex,2023-10-14 22:11:42.526882
1553.2,3.48,1557.4,1.9,Vertex,2023-10-14 22:11:42.526882
1551.0,0.2,1557.5,1.8,Vertex,2023-10-14 22:11:42.526882
1550.4,2.0,1557.9,4.22,Vertex,2023-10-14 22:11:42.526882
1544.1,10.0,1558.3,2.0,Vertex,2023-10-14 22:11:42.526882
1543.1,10.0,1567.0,0.2,Vertex,2023-10-14 22:11:42.526882
1542.1,10.0,1569.0,20.0,Vertex,2023-10-14 22:11:42.526882
1541.1,10.0,1579.0,20.0,Vertex,2023-10-14 22:11:42.526882
1540.0,0.54,1589.0,20.0,Vertex,2023-10-14 22:11:42.526882
1537.0,15.0,1590.0,7.0,Vertex,2023-10-14 22:11:42.526882
1556.3,26.98,1556.5,339.78,Vertex,2023-10-14 23:12:25.676384
1556.2,72.4,1556.6,54.06,Vertex,2023-10-14 23:12:25.676384
1556.1,39.82,1556.8,224.81,Vertex,2023-10-14 23:12:25.676384
1556.0,107.55,1556.9,3.21,Vertex,2023-10-14 23:12:25.676384
1555.9,3.3,1557.0,0.4,Vertex,2023-10-14 23:12:25.676384
1555.7,248.17,1557.1,0.4,Vertex,2023-10-14 23:12:25.676384
1555.6,3.1,1557.3,1.2,Vertex,2023-10-14 23:12:25.676384
1555.5,226.6,1557.4,1.9,Vertex,2023-10-14 23:12:25.676384
1555.4,5.7,1557.5,0.1,Vertex,2023-10-14 23:12:25.676384
1555.3,1.9,1557.6,1.8,Vertex,2023-10-14 23:12:25.676384
1555.2,22.17,1557.7,1.4,Vertex,2023-10-14 23:12:25.676384
1555.1,7.5,1557.8,129.68,Vertex,2023-10-14 23:12:25.676384
1554.6,12.84,1557.9,2.7,Vertex,2023-10-14 23:12:25.676384
1554.5,6.61,1558.0,1.8,Vertex,2023-10-14 23:12:25.676384
1554.3,9.63,1558.1,2.6,Vertex,2023-10-14 23:12:25.676384
1553.9,3.48,1558.2,3.4,Vertex,2023-10-14 23:12:25.676384
1551.0,0.2,1558.8,4.22,Vertex,2023-10-14 23:12:25.676384
1550.4,2.0,1558.9,2.0,Vertex,2023-10-14 23:12:25.676384
1544.1,10.0,1567.0,0.2,Vertex,2023-10-14 23:12:25.676384
1543.1,10.0,1569.0,20.0,Vertex,2023-10-14 23:12:25.676384
1542.1,10.0,1579.0,20.0,Vertex,2023-10-14 23:12:25.676384
1541.1,10.0,1589.0,20.0,Vertex,2023-10-14 23:12:25.676384
1537.0,15.0,1590.0,7.0,Vertex,2023-10-14 23:12:25.676384
1514.0,0.53,1592.0,1.0,Vertex,2023-10-14 23:12:25.676384
1503.0,0.56,1599.0,20.0,Vertex,2023-10-14 23:12:25.676384
1551.9,171.52,1552.1,67.28,Vertex,2023-10-15 01:04:26.196535
1551.8,183.07,1552.2,158.93,Vertex,2023-10-15 01:04:26.196535
1551.7,7.96,1552.4,128.83,Vertex,2023-10-15 01:04:26.196535
1551.6,1.7,1552.6,3.22,Vertex,2023-10-15 01:04:26.196535
1551.5,2.0,1552.7,1.4,Vertex,2023-10-15 01:04:26.196535
1551.3,227.99,1552.8,227.5,Vertex,2023-10-15 01:04:26.196535
1551.2,4.44,1552.9,0.9,Vertex,2023-10-15 01:04:26.196535
1551.1,117.95,1553.0,3.0,Vertex,2023-10-15 01:04:26.196535
1551.0,3.5,1553.1,6.14,Vertex,2023-10-15 01:04:26.196535
1550.9,0.3,1553.2,116.35,Vertex,2023-10-15 01:04:26.196535
1550.8,3.9,1553.3,10.66,Vertex,2023-10-15 01:04:26.196535
1550.7,12.14,1554.2,4.23,Vertex,2023-10-15 01:04:26.196535
1550.6,0.4,1554.6,2.0,Vertex,2023-10-15 01:04:26.196535
1550.5,0.3,1567.0,0.2,Vertex,2023-10-15 01:04:26.196535
1550.4,13.58,1569.0,20.0,Vertex,2023-10-15 01:04:26.196535
1550.3,0.3,1579.0,20.0,Vertex,2023-10-15 01:04:26.196535
1550.2,0.4,1589.0,20.0,Vertex,2023-10-15 01:04:26.196535
1550.1,0.9,1590.0,7.0,Vertex,2023-10-15 01:04:26.196535
1550.0,0.2,1592.0,1.0,Vertex,2023-10-15 01:04:26.196535
1549.9,0.5,1599.0,20.0,Vertex,2023-10-15 01:04:26.196535
1549.8,1.7,1608.0,1.79,Vertex,2023-10-15 01:04:26.196535
1549.7,3.62,1609.0,20.0,Vertex,2023-10-15 01:04:26.196535
1549.6,11.66,1619.0,20.0,Vertex,2023-10-15 01:04:26.196535
1549.5,0.4,1629.0,20.0,Vertex,2023-10-15 01:04:26.196535
1549.4,6.39,1639.0,20.0,Vertex,2023-10-15 01:04:26.196535
1554.2,54.02,1554.3,181.82,Vertex,2023-10-15 02:22:42.854387
1554.1,82.95,1554.4,128.75,Vertex,2023-10-15 02:22:42.854387
1554.0,97.11,1554.5,3.1,Vertex,2023-10-15 02:22:42.854387
1553.7,244.49,1554.6,3.7,Vertex,2023-10-15 02:22:42.854387
1553.6,8.36,1554.7,54.02,Vertex,2023-10-15 02:22:42.854387
1553.5,0.2,1554.8,232.72,Vertex,2023-10-15 02:22:42.854387
1553.4,228.0,1554.9,2.7,Vertex,2023-10-15 02:22:42.854387
1553.2,0.2,1555.0,2.6,Vertex,2023-10-15 02:22:42.854387
1553.1,0.3,1555.1,9.83,Vertex,2023-10-15 02:22:42.854387
1552.9,0.3,1555.2,4.4,Vertex,2023-10-15 02:22:42.854387
1552.8,0.4,1555.3,3.1,Vertex,2023-10-15 02:22:42.854387
1552.7,11.84,1555.4,0.6,Vertex,2023-10-15 02:22:42.854387
1552.6,0.4,1555.5,1.9,Vertex,2023-10-15 02:22:42.854387
1552.5,16.39,1555.6,12.54,Vertex,2023-10-15 02:22:42.854387
1552.4,0.5,1555.7,3.5,Vertex,2023-10-15 02:22:42.854387
1552.0,3.21,1555.8,1.2,Vertex,2023-10-15 02:22:42.854387
1551.8,13.13,1555.9,4.2,Vertex,2023-10-15 02:22:42.854387
1545.0,0.54,1556.0,115.75,Vertex,2023-10-15 02:22:42.854387
1544.1,10.0,1556.3,5.7,Vertex,2023-10-15 02:22:42.854387
1543.1,10.0,1556.5,6.53,Vertex,2023-10-15 02:22:42.854387
1542.1,10.0,1556.8,10.6,Vertex,2023-10-15 02:22:42.854387
1541.1,10.0,1556.9,2.6,Vertex,2023-10-15 02:22:42.854387
1537.0,15.0,1567.0,0.2,Vertex,2023-10-15 02:22:42.854387
1514.0,0.53,1569.0,20.0,Vertex,2023-10-15 02:22:42.854387
1503.0,0.56,1579.0,20.0,Vertex,2023-10-15 02:22:42.854387
1555.1,77.14,1555.2,71.8,Vertex,2023-10-15 03:13:44.317272
1555.0,188.39,1555.3,99.08,Vertex,2023-10-15 03:13:44.317272
1554.9,128.62,1555.4,66.39,Vertex,2023-10-15 03:13:44.317272
1554.7,8.86,1555.5,1.8,Vertex,2023-10-15 03:13:44.317272
1554.6,1.1,1555.6,128.56,Vertex,2023-10-15 03:13:44.317272
1554.5,226.23,1555.7,5.31,Vertex,2023-10-15 03:13:44.317272
1554.4,119.62,1555.8,5.5,Vertex,2023-10-15 03:13:44.317272
1554.3,5.5,1555.9,228.06,Vertex,2023-10-15 03:13:44.317272
1554.2,0.9,1556.0,6.5,Vertex,2023-10-15 03:13:44.317272
1554.1,2.2,1556.1,2.0,Vertex,2023-10-15 03:13:44.317272
1554.0,2.3,1556.2,6.8,Vertex,2023-10-15 03:13:44.317272
1553.9,11.84,1556.3,9.7,Vertex,2023-10-15 03:13:44.317272
1553.8,2.8,1556.4,123.35,Vertex,2023-10-15 03:13:44.317272
1553.7,8.63,1556.5,17.54,Vertex,2023-10-15 03:13:44.317272
1553.4,3.3,1556.6,9.5,Vertex,2023-10-15 03:13:44.317272
1553.3,12.85,1556.7,2.7,Vertex,2023-10-15 03:13:44.317272
1553.1,3.21,1556.9,3.7,Vertex,2023-10-15 03:13:44.317272
1552.9,9.64,1557.0,0.7,Vertex,2023-10-15 03:13:44.317272
1552.7,3.48,1557.1,4.4,Vertex,2023-10-15 03:13:44.317272
1545.0,0.54,1557.4,4.22,Vertex,2023-10-15 03:13:44.317272
1544.1,10.0,1557.6,2.0,Vertex,2023-10-15 03:13:44.317272
1543.1,10.0,1567.0,0.2,Vertex,2023-10-15 03:13:44.317272
1542.1,10.0,1569.0,20.0,Vertex,2023-10-15 03:13:44.317272
1541.1,10.0,1579.0,20.0,Vertex,2023-10-15 03:13:44.317272
1537.0,15.0,1589.0,20.0,Vertex,2023-10-15 03:13:44.317272
1553.3,136.41,1553.4,70.0,Vertex,2023-10-15 04:15:25.396173
1553.2,225.86,1553.5,47.73,Vertex,2023-10-15 04:15:25.396173
1553.0,7.96,1553.6,59.18,Vertex,2023-10-15 04:15:25.396173
1552.9,115.79,1553.7,30.13,Vertex,2023-10-15 04:15:25.396173
1552.7,225.5,1553.8,6.91,Vertex,2023-10-15 04:15:25.396173
1552.3,0.2,1553.9,129.41,Vertex,2023-10-15 04:15:25.396173
1552.2,0.2,1554.0,5.3,Vertex,2023-10-15 04:15:25.396173
1552.0,15.37,1554.3,225.18,Vertex,2023-10-15 04:15:25.396173
1551.7,0.4,1554.4,7.5,Vertex,2023-10-15 04:15:25.396173
1551.6,13.37,1554.6,7.5,Vertex,2023-10-15 04:15:25.396173
1551.1,3.21,1554.7,9.65,Vertex,2023-10-15 04:15:25.396173
1551.0,13.14,1554.8,3.53,Vertex,2023-10-15 04:15:25.396173
1545.0,0.54,1555.1,115.79,Vertex,2023-10-15 04:15:25.396173
1544.1,10.0,1555.7,4.23,Vertex,2023-10-15 04:15:25.396173
1543.1,10.0,1555.8,5.7,Vertex,2023-10-15 04:15:25.396173
1542.1,10.0,1556.1,0.8,Vertex,2023-10-15 04:15:25.396173
1541.1,10.0,1556.4,2.7,Vertex,2023-10-15 04:15:25.396173
1537.0,15.0,1567.0,0.2,Vertex,2023-10-15 04:15:25.396173
1514.0,0.53,1569.0,20.0,Vertex,2023-10-15 04:15:25.396173
1503.0,0.56,1579.0,20.0,Vertex,2023-10-15 04:15:25.396173
1502.0,0.3,1589.0,20.0,Vertex,2023-10-15 04:15:25.396173
1498.0,3.0,1590.0,7.0,Vertex,2023-10-15 04:15:25.396173
1450.0,3.68,1592.0,1.0,Vertex,2023-10-15 04:15:25.396173
1400.0,0.1,1599.0,20.0,Vertex,2023-10-15 04:15:25.396173
1350.0,2.0,1608.0,1.79,Vertex,2023-10-15 04:15:25.396173
1553.6,0.6,1553.7,458.67,Vertex,2023-10-15 05:12:12.070352
1553.5,0.1,1553.8,0.1,Vertex,2023-10-15 05:12:12.070352
1553.4,0.2,1554.0,226.62,Vertex,2023-10-15 05:12:12.070352
1553.3,40.38,1554.2,4.8100000000000005,Vertex,2023-10-15 05:12:12.070352
1553.2,123.56,1554.3,0.6,Vertex,2023-10-15 05:12:12.070352
1553.1,71.6,1554.4,2.6,Vertex,2023-10-15 05:12:12.070352
1553.0,246.46,1554.5,2.3,Vertex,2023-10-15 05:12:12.070352
1552.9,7.96,1554.6,5.03,Vertex,2023-10-15 05:12:12.070352
1552.8,2.3,1554.7,1.3,Vertex,2023-10-15 05:12:12.070352
1552.7,0.3,1554.8,3.6,Vertex,2023-10-15 05:12:12.070352
1552.6,227.9,1554.9,2.2,Vertex,2023-10-15 05:12:12.070352
1552.5,4.5,1555.0,14.65,Vertex,2023-10-15 05:12:12.070352
1552.3,4.0,1555.1,1.8,Vertex,2023-10-15 05:12:12.070352
1552.2,4.8,1555.4,116.68,Vertex,2023-10-15 05:12:12.070352
1552.0,15.37,1555.5,2.2,Vertex,2023-10-15 05:12:12.070352
1551.8,12.86,1555.6,0.6,Vertex,2023-10-15 05:12:12.070352
1551.2,3.49,1555.7,2.4,Vertex,2023-10-15 05:12:12.070352
1551.1,3.21,1555.9,6.93,Vertex,2023-10-15 05:12:12.070352
1550.9,9.65,1556.0,0.6,Vertex,2023-10-15 05:12:12.070352
1545.0,0.54,1556.1,2.7,Vertex,2023-10-15 05:12:12.070352
1544.1,10.0,1567.0,0.2,Vertex,2023-10-15 05:12:12.070352
1543.1,10.0,1569.0,20.0,Vertex,2023-10-15 05:12:12.070352
1542.1,10.0,1579.0,20.0,Vertex,2023-10-15 05:12:12.070352
1541.1,10.0,1589.0,20.0,Vertex,2023-10-15 05:12:12.070352
1537.0,15.0,1590.0,7.0,Vertex,2023-10-15 05:12:12.070352
1553.0,179.43,1553.1,70.0,Vertex,2023-10-15 06:17:11.822787
1552.9,129.08,1553.2,72.18,Vertex,2023-10-15 06:17:11.822787
1552.8,54.28,1553.3,93.81,Vertex,2023-10-15 06:17:11.822787
1552.7,7.96,1553.5,131.95,Vertex,2023-10-15 06:17:11.822787
1552.6,117.48,1553.6,2.9,Vertex,2023-10-15 06:17:11.822787
1552.5,227.63,1553.8,3.5,Vertex,2023-10-15 06:17:11.822787
1552.3,2.4,1553.9,231.94,Vertex,2023-10-15 06:17:11.822787
1552.2,1.7,1554.1,6.1,Vertex,2023-10-15 06:17:11.822787
1552.1,1.4,1554.2,2.9,Vertex,2023-10-15 06:17:11.822787
1552.0,6.3,1554.3,4.8,Vertex,2023-10-15 06:17:11.822787
1551.9,2.4,1554.4,12.45,Vertex,2023-10-15 06:17:11.822787
1551.8,32.95,1554.5,127.02,Vertex,2023-10-15 06:17:11.822787
1551.6,3.5,1554.6,2.8,Vertex,2023-10-15 06:17:11.822787
1551.5,4.2,1554.7,5.1,Vertex,2023-10-15 06:17:11.822787
1550.9,3.21,1554.8,3.2,Vertex,2023-10-15 06:17:11.822787
1550.8,9.65,1554.9,0.6,Vertex,2023-10-15 06:17:11.822787
1550.6,3.49,1555.0,7.5,Vertex,2023-10-15 06:17:11.822787
1545.0,0.54,1555.1,3.4,Vertex,2023-10-15 06:17:11.822787
1544.1,10.0,1555.3,4.23,Vertex,2023-10-15 06:17:11.822787
1543.1,10.0,1555.6,2.0,Vertex,2023-10-15 06:17:11.822787
1542.1,10.0,1567.0,0.2,Vertex,2023-10-15 06:17:11.822787
1541.1,10.0,1569.0,20.0,Vertex,2023-10-15 06:17:11.822787
1537.0,15.0,1579.0,20.0,Vertex,2023-10-15 06:17:11.822787
1514.0,0.53,1589.0,20.0,Vertex,2023-10-15 06:17:11.822787
1503.0,0.56,1590.0,7.0,Vertex,2023-10-15 06:17:11.822787
1553.4,171.4,1553.5,161.09,Vertex,2023-10-15 07:11:28.365823
1553.2,184.01,1553.6,64.35,Vertex,2023-10-15 07:11:28.365823
1553.0,115.86,1553.8,130.11,Vertex,2023-10-15 07:11:28.365823
1552.9,7.96,1553.9,1.9,Vertex,2023-10-15 07:11:28.365823
1552.8,231.78,1554.0,232.73,Vertex,2023-10-15 07:11:28.365823
1552.7,3.2,1554.2,12.5,Vertex,2023-10-15 07:11:28.365823
1552.6,2.6,1554.3,4.1,Vertex,2023-10-15 07:11:28.365823
1552.5,2.1,1554.4,13.3,Vertex,2023-10-15 07:11:28.365823
1552.4,1.4,1554.5,10.6,Vertex,2023-10-15 07:11:28.365823
1552.3,4.8,1554.6,21.0,Vertex,2023-10-15 07:11:28.365823
1552.2,15.54,1554.7,14.4,Vertex,2023-10-15 07:11:28.365823
1552.1,11.64,1554.8,21.65,Vertex,2023-10-15 07:11:28.365823
1552.0,0.7,1554.9,5.94,Vertex,2023-10-15 07:11:28.365823
1551.9,7.9,1555.0,137.55,Vertex,2023-10-15 07:11:28.365823
1551.8,8.81,1555.8,6.23,Vertex,2023-10-15 07:11:28.365823
1551.6,9.65,1558.0,1.0,Vertex,2023-10-15 07:11:28.365823
1551.5,12.87,1567.0,0.2,Vertex,2023-10-15 07:11:28.365823
1550.9,3.49,1569.0,20.0,Vertex,2023-10-15 07:11:28.365823
1545.0,0.54,1579.0,20.0,Vertex,2023-10-15 07:11:28.365823
1544.1,10.0,1589.0,20.0,Vertex,2023-10-15 07:11:28.365823
1543.1,10.0,1590.0,7.0,Vertex,2023-10-15 07:11:28.365823
1542.1,10.0,1592.0,1.0,Vertex,2023-10-15 07:11:28.365823
1541.1,10.0,1599.0,20.0,Vertex,2023-10-15 07:11:28.365823
1537.0,15.0,1608.0,1.79,Vertex,2023-10-15 07:11:28.365823
1514.0,0.53,1609.0,20.0,Vertex,2023-10-15 07:11:28.365823
1554.9,0.3,1555.0,333.73,Vertex,2023-10-15 08:15:42.503034
1554.7,27.0,1555.1,57.3,Vertex,2023-10-15 08:15:42.503034
1554.6,92.4,1555.2,228.36,Vertex,2023-10-15 08:15:42.503034
1554.5,14.55,1555.4,5.7,Vertex,2023-10-15 08:15:42.503034
1554.4,100.57,1555.5,4.11,Vertex,2023-10-15 08:15:42.503034
1554.3,117.42,1555.6,5.9,Vertex,2023-10-15 08:15:42.503034
1554.2,136.64,1555.7,11.73,Vertex,2023-10-15 08:15:42.503034
1554.1,2.0,1555.8,6.1,Vertex,2023-10-15 08:15:42.503034
1553.9,236.41,1556.0,0.3,Vertex,2023-10-15 08:15:42.503034
1553.8,2.2,1556.1,3.0,Vertex,2023-10-15 08:15:42.503034
1553.7,3.2,1556.2,3.8,Vertex,2023-10-15 08:15:42.503034
1553.5,6.1,1556.3,13.94,Vertex,2023-10-15 08:15:42.503034
1553.4,15.37,1556.5,0.4,Vertex,2023-10-15 08:15:42.503034
1553.2,12.85,1556.6,115.64,Vertex,2023-10-15 08:15:42.503034
1553.0,2.15,1557.0,2.0,Vertex,2023-10-15 08:15:42.503034
1552.9,0.4,1557.3,4.22,Vertex,2023-10-15 08:15:42.503034
1552.7,1.4,1558.0,1.0,Vertex,2023-10-15 08:15:42.503034
1552.6,4.68,1567.0,0.2,Vertex,2023-10-15 08:15:42.503034
1552.5,3.21,1569.0,20.0,Vertex,2023-10-15 08:15:42.503034
1552.4,9.64,1579.0,20.0,Vertex,2023-10-15 08:15:42.503034
1545.0,0.54,1589.0,20.0,Vertex,2023-10-15 08:15:42.503034
1544.1,10.0,1590.0,7.0,Vertex,2023-10-15 08:15:42.503034
1543.1,10.0,1592.0,1.0,Vertex,2023-10-15 08:15:42.503034
1542.1,10.0,1599.0,20.0,Vertex,2023-10-15 08:15:42.503034
1541.1,10.0,1600.0,2.0,Vertex,2023-10-15 08:15:42.503034
1558.9,241.0,1559.0,1.3,Vertex,2023-10-15 09:12:09.003112
1558.8,155.34,1559.1,0.7,Vertex,2023-10-15 09:12:09.003112
1558.7,2.5,1559.3,1.7,Vertex,2023-10-15 09:12:09.003112
1558.6,118.48,1559.4,6.2,Vertex,2023-10-15 09:12:09.003112
1558.5,224.56,1559.5,71.3,Vertex,2023-10-15 09:12:09.003112
1558.4,3.7,1559.6,33.54,Vertex,2023-10-15 09:12:09.003112
1558.3,3.0,1559.7,77.7,Vertex,2023-10-15 09:12:09.003112
1558.2,3.7,1559.8,303.2,Vertex,2023-10-15 09:12:09.003112
1558.1,5.3,1559.9,1.2,Vertex,2023-10-15 09:12:09.003112
1558.0,18.36,1560.0,3.7,Vertex,2023-10-15 09:12:09.003112
1557.9,16.13,1560.1,5.9,Vertex,2023-10-15 09:12:09.003112
1557.8,8.3,1560.2,226.04,Vertex,2023-10-15 09:12:09.003112
1557.7,3.7,1560.3,14.91,Vertex,2023-10-15 09:12:09.003112
1557.6,6.0,1561.1,123.21,Vertex,2023-10-15 09:12:09.003112
1557.4,9.61,1562.0,2.0,Vertex,2023-10-15 09:12:09.003112
1557.3,6.3,1567.0,0.2,Vertex,2023-10-15 09:12:09.003112
1556.6,1.1,1569.0,20.0,Vertex,2023-10-15 09:12:09.003112
1556.5,3.47,1579.0,20.0,Vertex,2023-10-15 09:12:09.003112
1556.4,1.9,1589.0,20.0,Vertex,2023-10-15 09:12:09.003112
1556.3,7.7,1590.0,7.0,Vertex,2023-10-15 09:12:09.003112
1556.2,0.6,1592.0,1.0,Vertex,2023-10-15 09:12:09.003112
1555.8,11.0,1599.0,20.0,Vertex,2023-10-15 09:12:09.003112
1553.0,0.65,1600.0,2.0,Vertex,2023-10-15 09:12:09.003112
1545.0,0.54,1608.0,1.79,Vertex,2023-10-15 09:12:09.003112
1544.1,10.0,1609.0,20.0,Vertex,2023-10-15 09:12:09.003112
1557.0,1.21,1557.1,205.25,Vertex,2023-10-15 10:13:25.752276
1556.9,138.0,1557.2,53.94,Vertex,2023-10-15 10:13:25.752276
1556.8,59.57,1557.3,131.41,Vertex,2023-10-15 10:13:25.752276
1556.7,0.9,1557.4,3.6,Vertex,2023-10-15 10:13:25.752276
1556.6,9.26,1557.5,6.8,Vertex,2023-10-15 10:13:25.752276
1556.5,130.59,1557.6,4.0,Vertex,2023-10-15 10:13:25.752276
1556.4,1.1,1557.7,227.89,Vertex,2023-10-15 10:13:25.752276
1556.3,117.58,1557.8,2.0,Vertex,2023-10-15 10:13:25.752276
1556.2,2.5,1557.9,10.6,Vertex,2023-10-15 10:13:25.752276
1556.1,225.4,1558.0,10.73,Vertex,2023-10-15 10:13:25.752276
1556.0,8.2,1558.1,4.9,Vertex,2023-10-15 10:13:25.752276
1555.9,4.7,1558.2,16.0,Vertex,2023-10-15 10:13:25.752276
1555.8,2.8,1558.4,13.23,Vertex,2023-10-15 10:13:25.752276
1555.7,20.87,1558.5,0.8,Vertex,2023-10-15 10:13:25.752276
1555.6,2.5,1558.6,14.5,Vertex,2023-10-15 10:13:25.752276
1555.3,12.84,1558.7,115.58,Vertex,2023-10-15 10:13:25.752276
1555.1,3.21,1559.4,6.22,Vertex,2023-10-15 10:13:25.752276
1554.9,9.63,1567.0,0.2,Vertex,2023-10-15 10:13:25.752276
1554.6,3.48,1569.0,20.0,Vertex,2023-10-15 10:13:25.752276
1553.0,0.65,1579.0,20.0,Vertex,2023-10-15 10:13:25.752276
1545.0,0.54,1589.0,20.0,Vertex,2023-10-15 10:13:25.752276
1544.1,10.0,1590.0,7.0,Vertex,2023-10-15 10:13:25.752276
1543.1,10.0,1592.0,1.0,Vertex,2023-10-15 10:13:25.752276
1542.1,10.0,1599.0,20.0,Vertex,2023-10-15 10:13:25.752276
1541.1,10.0,1600.0,2.0,Vertex,2023-10-15 10:13:25.752276
1556.3,0.1,1556.4,64.0,Vertex,2023-10-15 11:10:22.522402
1556.2,55.26,1556.5,30.08,Vertex,2023-10-15 11:10:22.522402
1556.0,0.3,1556.6,30.68,Vertex,2023-10-15 11:10:22.522402
1555.9,2.0,1556.7,4.5,Vertex,2023-10-15 11:10:22.522402
1555.8,2.4,1556.8,0.1,Vertex,2023-10-15 11:10:22.522402
1555.7,2.9,1556.9,11.94,Vertex,2023-10-15 11:10:22.522402
1555.4,119.84,1557.0,6.4,Vertex,2023-10-15 11:10:22.522402
1555.3,69.0,1557.1,7.7,Vertex,2023-10-15 11:10:22.522402
1555.2,7.96,1557.2,9.2,Vertex,2023-10-15 11:10:22.522402
1554.6,3.21,1557.4,0.5,Vertex,2023-10-15 11:10:22.522402
1554.4,21.48,1557.6,0.6,Vertex,2023-10-15 11:10:22.522402
1554.1,3.53,1557.7,12.53,Vertex,2023-10-15 11:10:22.522402
1553.9,3.48,1557.8,118.54,Vertex,2023-10-15 11:10:22.522402
1553.8,12.85,1558.0,6.2,Vertex,2023-10-15 11:10:22.522402
1553.0,0.65,1558.7,6.92,Vertex,2023-10-15 11:10:22.522402
1545.0,0.54,1558.9,4.2,Vertex,2023-10-15 11:10:22.522402
1544.1,10.0,1559.5,8.7,Vertex,2023-10-15 11:10:22.522402
1543.1,10.0,1559.8,1.2,Vertex,2023-10-15 11:10:22.522402
1542.1,10.0,1567.0,0.2,Vertex,2023-10-15 11:10:22.522402
1541.1,10.0,1569.0,20.0,Vertex,2023-10-15 11:10:22.522402
1537.0,15.0,1579.0,20.0,Vertex,2023-10-15 11:10:22.522402
1514.0,0.53,1589.0,20.0,Vertex,2023-10-15 11:10:22.522402
1503.0,0.56,1590.0,7.0,Vertex,2023-10-15 11:10:22.522402
1502.0,0.3,1592.0,1.0,Vertex,2023-10-15 11:10:22.522402
1498.0,3.0,1599.0,20.0,Vertex,2023-10-15 11:10:22.522402
1555.0,141.43,1555.1,109.62,Vertex,2023-10-15 12:24:37.050220
1554.9,131.92,1555.2,1.5,Vertex,2023-10-15 12:24:37.050220
1554.8,112.92,1555.3,47.88,Vertex,2023-10-15 12:24:37.050220
1554.7,12.56,1555.4,33.64,Vertex,2023-10-15 12:24:37.050220
1554.6,8.7,1555.5,2.4,Vertex,2023-10-15 12:24:37.050220
1554.5,225.13,1555.6,250.44,Vertex,2023-10-15 12:24:37.050220
1554.4,6.7,1555.7,2.7,Vertex,2023-10-15 12:24:37.050220
1554.3,8.0,1555.9,5.5,Vertex,2023-10-15 12:24:37.050220
1554.2,9.6,1556.0,228.73,Vertex,2023-10-15 12:24:37.050220
1554.1,2.4,1556.1,4.6,Vertex,2023-10-15 12:24:37.050220
1554.0,18.17,1556.4,14.54,Vertex,2023-10-15 12:24:37.050220
1553.8,3.3,1557.0,3.53,Vertex,2023-10-15 12:24:37.050220
1553.5,13.16,1557.2,4.22,Vertex,2023-10-15 12:24:37.050220
1553.4,0.3,1557.6,2.0,Vertex,2023-10-15 12:24:37.050220
1553.2,120.44,1567.0,0.2,Vertex,2023-10-15 12:24:37.050220
1553.1,0.5,1569.0,20.0,Vertex,2023-10-15 12:24:37.050220
1553.0,3.86,1579.0,20.0,Vertex,2023-10-15 12:24:37.050220
1552.9,0.1,1589.0,20.0,Vertex,2023-10-15 12:24:37.050220
1552.8,9.64,1590.0,7.0,Vertex,2023-10-15 12:24:37.050220
1552.5,3.48,1592.0,1.0,Vertex,2023-10-15 12:24:37.050220
1545.0,0.54,1599.0,20.0,Vertex,2023-10-15 12:24:37.050220
1544.1,10.0,1600.0,2.0,Vertex,2023-10-15 12:24:37.050220
1543.1,10.0,1608.0,1.79,Vertex,2023-10-15 12:24:37.050220
1542.1,10.0,1609.0,20.0,Vertex,2023-10-15 12:24:37.050220
1541.1,10.0,1619.0,20.0,Vertex,2023-10-15 12:24:37.050220
1553.6,156.08,1553.7,27.06,Vertex,2023-10-15 13:14:26.025837
1553.5,4.4,1553.8,72.29,Vertex,2023-10-15 13:14:26.025837
1553.4,134.04,1553.9,75.87,Vertex,2023-10-15 13:14:26.025837
1553.3,31.96,1554.0,117.28,Vertex,2023-10-15 13:14:26.025837
1553.2,36.52,1554.1,129.08,Vertex,2023-10-15 13:14:26.025837
1553.1,7.7,1554.2,1.2,Vertex,2023-10-15 13:14:26.025837
1553.0,9.2,1554.3,7.61,Vertex,2023-10-15 13:14:26.025837
1552.9,236.37,1554.4,2.9,Vertex,2023-10-15 13:14:26.025837
1552.7,0.4,1554.5,229.05,Vertex,2023-10-15 13:14:26.025837
1552.6,3.54,1554.6,1.2,Vertex,2023-10-15 13:14:26.025837
1552.4,12.54,1554.7,3.9,Vertex,2023-10-15 13:14:26.025837
1552.3,4.4,1554.8,6.0,Vertex,2023-10-15 13:14:26.025837
1552.1,5.7,1554.9,6.44,Vertex,2023-10-15 13:14:26.025837
1552.0,0.6,1555.0,9.65,Vertex,2023-10-15 13:14:26.025837
1551.9,0.7,1555.9,4.23,Vertex,2023-10-15 13:14:26.025837
1551.8,3.21,1556.1,2.0,Vertex,2023-10-15 13:14:26.025837
1551.7,129.06,1567.0,0.2,Vertex,2023-10-15 13:14:26.025837
1551.6,9.65,1569.0,20.0,Vertex,2023-10-15 13:14:26.025837
1551.2,3.49,1579.0,20.0,Vertex,2023-10-15 13:14:26.025837
1550.6,2.9,1589.0,20.0,Vertex,2023-10-15 13:14:26.025837
1550.5,3.2,1590.0,7.0,Vertex,2023-10-15 13:14:26.025837
1545.0,0.54,1592.0,1.0,Vertex,2023-10-15 13:14:26.025837
1544.1,10.0,1599.0,20.0,Vertex,2023-10-15 13:14:26.025837
1543.1,10.0,1600.0,2.0,Vertex,2023-10-15 13:14:26.025837
1542.1,10.0,1608.0,1.79,Vertex,2023-10-15 13:14:26.025837
1554.5,85.9,1554.6,1.31,Vertex,2023-10-15 14:11:20.692445
1554.4,72.27,1554.7,0.4,Vertex,2023-10-15 14:11:20.692445
1554.3,54.06,1554.8,14.15,Vertex,2023-10-15 14:11:20.692445
1554.2,128.66,1554.9,58.96,Vertex,2023-10-15 14:11:20.692445
1553.9,225.21,1555.0,32.24,Vertex,2023-10-15 14:11:20.692445
1553.8,1.5,1555.1,107.69,Vertex,2023-10-15 14:11:20.692445
1553.7,1.8,1555.2,126.05,Vertex,2023-10-15 14:11:20.692445
1553.5,17.57,1555.4,4.2,Vertex,2023-10-15 14:11:20.692445
1553.4,2.0,1555.5,128.58,Vertex,2023-10-15 14:11:20.692445
1553.3,0.6,1555.9,234.58,Vertex,2023-10-15 14:11:20.692445
1553.2,119.04,1556.2,3.53,Vertex,2023-10-15 14:11:20.692445
1553.1,13.57,1556.8,4.22,Vertex,2023-10-15 14:11:20.692445
1553.0,0.9,1557.2,2.0,Vertex,2023-10-15 14:11:20.692445
1552.9,5.4,1567.0,0.2,Vertex,2023-10-15 14:11:20.692445
1552.8,1.4,1569.0,20.0,Vertex,2023-10-15 14:11:20.692445
1552.7,2.6,1579.0,20.0,Vertex,2023-10-15 14:11:20.692445
1552.6,4.11,1589.0,20.0,Vertex,2023-10-15 14:11:20.692445
1552.5,0.2,1590.0,7.0,Vertex,2023-10-15 14:11:20.692445
1552.4,10.74,1592.0,1.0,Vertex,2023-10-15 14:11:20.692445
1552.1,3.48,1599.0,20.0,Vertex,2023-10-15 14:11:20.692445
1551.4,1.3,1600.0,2.0,Vertex,2023-10-15 14:11:20.692445
1551.2,1.6,1608.0,1.79,Vertex,2023-10-15 14:11:20.692445
1551.1,0.2,1609.0,20.0,Vertex,2023-10-15 14:11:20.692445
1545.0,0.54,1619.0,20.0,Vertex,2023-10-15 14:11:20.692445
1544.1,10.0,1629.0,20.0,Vertex,2023-10-15 14:11:20.692445
1552.7,186.68,1552.9,61.32,Vertex,2023-10-15 15:12:19.419487
1552.6,64.5,1553.0,4.6,Vertex,2023-10-15 15:12:19.419487
1552.5,29.86,1553.1,0.9,Vertex,2023-10-15 15:12:19.419487
1552.4,30.46,1553.2,98.65,Vertex,2023-10-15 15:12:19.419487
1552.3,7.96,1553.3,64.37,Vertex,2023-10-15 15:12:19.419487
1552.2,225.46,1553.4,117.29,Vertex,2023-10-15 15:12:19.419487
1552.0,4.9,1553.6,128.72,Vertex,2023-10-15 15:12:19.419487
1551.8,0.8,1553.8,225.25,Vertex,2023-10-15 15:12:19.419487
1551.7,0.5,1553.9,2.8,Vertex,2023-10-15 15:12:19.419487
1551.6,1.5,1554.1,8.94,Vertex,2023-10-15 15:12:19.419487
1551.5,116.19,1554.2,9.65,Vertex,2023-10-15 15:12:19.419487
1551.4,17.38,1554.4,4.3,Vertex,2023-10-15 15:12:19.419487
1551.3,2.2,1554.5,2.9,Vertex,2023-10-15 15:12:19.419487
1551.2,1.2,1554.7,5.0,Vertex,2023-10-15 15:12:19.419487
1551.1,0.2,1554.8,4.2,Vertex,2023-10-15 15:12:19.419487
1551.0,13.08,1555.0,4.2,Vertex,2023-10-15 15:12:19.419487
1550.8,0.6,1555.1,4.23,Vertex,2023-10-15 15:12:19.419487
1550.7,3.81,1555.2,3.5,Vertex,2023-10-15 15:12:19.419487
1550.6,9.65,1567.0,0.2,Vertex,2023-10-15 15:12:19.419487
1550.5,0.6,1569.0,20.0,Vertex,2023-10-15 15:12:19.419487
1550.3,1.4,1579.0,20.0,Vertex,2023-10-15 15:12:19.419487
1550.2,4.69,1589.0,20.0,Vertex,2023-10-15 15:12:19.419487
1545.0,0.54,1590.0,7.0,Vertex,2023-10-15 15:12:19.419487
1544.1,10.0,1592.0,1.0,Vertex,2023-10-15 15:12:19.419487
1543.1,10.0,1599.0,20.0,Vertex,2023-10-15 15:12:19.419487
1552.7,195.68,1552.8,93.9,Vertex,2023-10-15 16:15:58.974605
1552.6,0.1,1552.9,62.02,Vertex,2023-10-15 16:15:58.974605
1552.5,156.55,1553.0,64.39,Vertex,2023-10-15 16:15:58.974605
1552.4,34.92,1553.1,4.8,Vertex,2023-10-15 16:15:58.974605
1552.3,1.1,1553.2,131.15,Vertex,2023-10-15 16:15:58.974605
1552.2,1.6,1553.3,6.41,Vertex,2023-10-15 16:15:58.974605
1552.1,225.89,1553.4,4.6,Vertex,2023-10-15 16:15:58.974605
1552.0,1.6,1553.5,117.6,Vertex,2023-10-15 16:15:58.974605
1551.9,1.6,1553.6,229.08,Vertex,2023-10-15 16:15:58.974605
1551.8,0.3,1553.7,6.6,Vertex,2023-10-15 16:15:58.974605
1551.7,4.3,1553.8,6.7,Vertex,2023-10-15 16:15:58.974605
1551.6,18.71,1553.9,11.4,Vertex,2023-10-15 16:15:58.974605
1551.5,115.9,1554.0,4.2,Vertex,2023-10-15 16:15:58.974605
1551.4,14.42,1554.1,24.19,Vertex,2023-10-15 16:15:58.974605
1551.2,1.0,1554.2,9.6,Vertex,2023-10-15 16:15:58.974605
1550.6,3.21,1554.6,4.3,Vertex,2023-10-15 16:15:58.974605
1550.5,9.65,1554.9,7.63,Vertex,2023-10-15 16:15:58.974605
1550.3,3.49,1555.1,4.9,Vertex,2023-10-15 16:15:58.974605
1545.0,0.54,1555.2,3.5,Vertex,2023-10-15 16:15:58.974605
1544.1,10.0,1555.4,0.9,Vertex,2023-10-15 16:15:58.974605
1543.1,10.0,1567.0,0.2,Vertex,2023-10-15 16:15:58.974605
1542.1,10.0,1569.0,20.0,Vertex,2023-10-15 16:15:58.974605
1541.1,10.0,1579.0,20.0,Vertex,2023-10-15 16:15:58.974605
1537.0,15.0,1589.0,20.0,Vertex,2023-10-15 16:15:58.974605
1514.0,0.53,1590.0,7.0,Vertex,2023-10-15 16:15:58.974605
1555.8,219.91,1555.9,0.44,Vertex,2023-10-15 17:11:54.389326
1555.7,128.65,1556.0,1.3,Vertex,2023-10-15 17:11:54.389326
1555.6,2.5,1556.1,2.4,Vertex,2023-10-15 17:11:54.389326
1555.5,228.09,1556.2,3.8,Vertex,2023-10-15 17:11:54.389326
1555.3,3.7,1556.3,43.44,Vertex,2023-10-15 17:11:54.389326
1555.2,4.4,1556.4,42.54,Vertex,2023-10-15 17:11:54.389326
1555.1,12.12,1556.5,149.74,Vertex,2023-10-15 17:11:54.389326
1555.0,5.3,1556.6,1.8,Vertex,2023-10-15 17:11:54.389326
1554.9,5.7,1556.7,135.57,Vertex,2023-10-15 17:11:54.389326
1554.8,120.93,1556.8,51.0,Vertex,2023-10-15 17:11:54.389326
1554.7,23.98,1556.9,2.6,Vertex,2023-10-15 17:11:54.389326
1554.6,4.6,1557.0,227.3,Vertex,2023-10-15 17:11:54.389326
1554.5,1.6,1557.1,3.2,Vertex,2023-10-15 17:11:54.389326
1554.4,4.7,1557.2,13.43,Vertex,2023-10-15 17:11:54.389326
1554.3,3.21,1558.0,3.53,Vertex,2023-10-15 17:11:54.389326
1554.2,10.73,1558.1,4.22,Vertex,2023-10-15 17:11:54.389326
1553.3,3.48,1559.0,3.5,Vertex,2023-10-15 17:11:54.389326
1545.0,0.54,1567.0,0.2,Vertex,2023-10-15 17:11:54.389326
1544.1,10.0,1569.0,20.0,Vertex,2023-10-15 17:11:54.389326
1543.1,10.0,1579.0,20.0,Vertex,2023-10-15 17:11:54.389326
1542.1,10.0,1589.0,20.0,Vertex,2023-10-15 17:11:54.389326
1541.1,10.0,1590.0,7.0,Vertex,2023-10-15 17:11:54.389326
1537.0,15.0,1592.0,1.0,Vertex,2023-10-15 17:11:54.389326
1514.0,0.53,1599.0,20.0,Vertex,2023-10-15 17:11:54.389326
1503.0,0.56,1600.0,2.0,Vertex,2023-10-15 17:11:54.389326
1557.6,189.23,1557.7,92.92,Vertex,2023-10-15 18:16:37.444659
1557.5,57.62,1557.8,86.11,Vertex,2023-10-15 18:16:37.444659
1557.3,128.41,1558.0,129.97,Vertex,2023-10-15 18:16:37.444659
1557.2,0.5,1558.1,2.6,Vertex,2023-10-15 18:16:37.444659
1557.1,7.68,1558.2,5.8,Vertex,2023-10-15 18:16:37.444659
1557.0,1.0,1558.3,117.45,Vertex,2023-10-15 18:16:37.444659
1556.9,224.98,1558.4,2.6,Vertex,2023-10-15 18:16:37.444659
1556.8,0.7,1558.5,227.88,Vertex,2023-10-15 18:16:37.444659
1556.7,0.9,1558.6,1.2,Vertex,2023-10-15 18:16:37.444659
1556.6,1.0,1558.7,10.2,Vertex,2023-10-15 18:16:37.444659
1556.5,0.9,1558.8,1.9,Vertex,2023-10-15 18:16:37.444659
1556.4,1.1,1558.9,10.02,Vertex,2023-10-15 18:16:37.444659
1556.3,115.49,1559.0,21.62,Vertex,2023-10-15 18:16:37.444659
1556.2,17.14,1559.1,4.2,Vertex,2023-10-15 18:16:37.444659
1556.1,1.8,1559.2,3.9,Vertex,2023-10-15 18:16:37.444659
1555.8,12.83,1559.3,9.5,Vertex,2023-10-15 18:16:37.444659
1555.6,3.2,1559.4,0.5,Vertex,2023-10-15 18:16:37.444659
1555.5,0.6,1559.5,0.5,Vertex,2023-10-15 18:16:37.444659
1555.4,9.72,1559.6,1.6,Vertex,2023-10-15 18:16:37.444659
1555.2,3.48,1559.7,1.4,Vertex,2023-10-15 18:16:37.444659
1554.9,3.1,1559.9,8.52,Vertex,2023-10-15 18:16:37.444659
1554.7,0.7,1560.0,1.0,Vertex,2023-10-15 18:16:37.444659
1545.0,0.54,1560.1,1.2,Vertex,2023-10-15 18:16:37.444659
1544.1,10.0,1567.0,0.2,Vertex,2023-10-15 18:16:37.444659
1543.1,10.0,1569.0,20.0,Vertex,2023-10-15 18:16:37.444659
1563.2,97.76,1563.3,54.72,Vertex,2023-10-15 19:10:13.840002
1563.1,90.82,1563.4,12.78,Vertex,2023-10-15 19:10:13.840002
1562.9,34.54,1563.5,84.96,Vertex,2023-10-15 19:10:13.840002
1562.8,127.95,1563.6,63.95,Vertex,2023-10-15 19:10:13.840002
1562.6,2.7,1563.7,0.1,Vertex,2023-10-15 19:10:13.840002
1562.5,0.8,1563.8,227.1,Vertex,2023-10-15 19:10:13.840002
1562.4,226.9,1563.9,115.45,Vertex,2023-10-15 19:10:13.840002
1562.3,1.3,1564.0,0.6,Vertex,2023-10-15 19:10:13.840002
1562.2,1.1,1564.1,223.77,Vertex,2023-10-15 19:10:13.840002
1562.1,3.4,1564.2,3.51,Vertex,2023-10-15 19:10:13.840002
1562.0,4.1,1564.3,1.8,Vertex,2023-10-15 19:10:13.840002
1561.8,119.25,1564.4,1.6,Vertex,2023-10-15 19:10:13.840002
1561.7,19.43,1564.6,13.79,Vertex,2023-10-15 19:10:13.840002
1561.6,13.09,1564.7,2.1,Vertex,2023-10-15 19:10:13.840002
1561.5,2.3,1564.8,3.1,Vertex,2023-10-15 19:10:13.840002
1561.4,3.19,1564.9,0.6,Vertex,2023-10-15 19:10:13.840002
1561.3,9.99,1565.2,2.7,Vertex,2023-10-15 19:10:13.840002
1561.1,0.5,1565.5,4.2,Vertex,2023-10-15 19:10:13.840002
1561.0,0.5,1565.6,0.4,Vertex,2023-10-15 19:10:13.840002
1560.9,0.1,1565.7,8.2,Vertex,2023-10-15 19:10:13.840002
1560.8,3.47,1565.8,0.5,Vertex,2023-10-15 19:10:13.840002
1545.0,0.54,1565.9,5.1,Vertex,2023-10-15 19:10:13.840002
1544.1,10.0,1566.1,1.8,Vertex,2023-10-15 19:10:13.840002
1543.1,10.0,1566.2,2.1,Vertex,2023-10-15 19:10:13.840002
1542.1,10.0,1566.3,2.7,Vertex,2023-10-15 19:10:13.840002
1560.2,2.0,1560.3,155.93,Vertex,2023-10-15 20:13:21.924948
1560.1,0.1,1560.4,182.08,Vertex,2023-10-15 20:13:21.924948
1560.0,12.82,1560.7,224.95,Vertex,2023-10-15 20:13:21.924948
1559.9,39.73,1560.8,4.9,Vertex,2023-10-15 20:13:21.924948
1559.8,113.49,1560.9,3.92,Vertex,2023-10-15 20:13:21.924948
1559.6,161.33,1561.0,116.34,Vertex,2023-10-15 20:13:21.924948
1559.5,4.2,1561.1,0.2,Vertex,2023-10-15 20:13:21.924948
1559.4,8.58,1561.2,1.2,Vertex,2023-10-15 20:13:21.924948
1559.3,4.1,1561.3,1.4,Vertex,2023-10-15 20:13:21.924948
1559.2,225.36,1561.4,3.2,Vertex,2023-10-15 20:13:21.924948
1559.1,7.1,1561.5,0.3,Vertex,2023-10-15 20:13:21.924948
1559.0,6.0,1561.6,11.31,Vertex,2023-10-15 20:13:21.924948
1558.9,9.6,1561.7,4.0,Vertex,2023-10-15 20:13:21.924948
1558.8,5.3,1561.8,2.5,Vertex,2023-10-15 20:13:21.924948
1558.7,3.72,1562.0,2.5,Vertex,2023-10-15 20:13:21.924948
1558.6,135.75,1562.1,3.5,Vertex,2023-10-15 20:13:21.924948
1558.5,0.7,1562.5,4.21,Vertex,2023-10-15 20:13:21.924948
1558.4,12.12,1567.0,0.2,Vertex,2023-10-15 20:13:21.924948
1557.9,6.67,1569.0,20.0,Vertex,2023-10-15 20:13:21.924948
1557.8,9.61,1575.0,0.1,Vertex,2023-10-15 20:13:21.924948
1545.0,0.54,1579.0,20.0,Vertex,2023-10-15 20:13:21.924948
1544.1,10.0,1585.0,0.1,Vertex,2023-10-15 20:13:21.924948
1543.1,10.0,1589.0,20.0,Vertex,2023-10-15 20:13:21.924948
1542.1,10.0,1590.0,7.0,Vertex,2023-10-15 20:13:21.924948
1541.1,10.0,1592.0,1.0,Vertex,2023-10-15 20:13:21.924948
1558.2,39.74,1558.3,46.0,Vertex,2023-10-15 21:11:14.517099
1558.0,29.91,1558.4,26.91,Vertex,2023-10-15 21:11:14.517099
1557.9,78.09,1558.5,39.74,Vertex,2023-10-15 21:11:14.517099
1557.7,32.09,1558.8,35.27,Vertex,2023-10-15 21:11:14.517099
1557.4,7.68,1559.1,3.52,Vertex,2023-10-15 21:11:14.517099
1557.3,243.77,1559.2,115.36,Vertex,2023-10-15 21:11:14.517099
1556.6,228.36,1559.6,137.86,Vertex,2023-10-15 21:11:14.517099
1556.1,12.81,1560.0,0.1,Vertex,2023-10-15 21:11:14.517099
1555.9,15.32,1560.1,225.54,Vertex,2023-10-15 21:11:14.517099
1555.8,13.1,1560.2,3.5,Vertex,2023-10-15 21:11:14.517099
1545.0,0.54,1560.3,1.4,Vertex,2023-10-15 21:11:14.517099
1544.1,10.0,1560.4,1.4,Vertex,2023-10-15 21:11:14.517099
1543.1,10.0,1560.5,7.51,Vertex,2023-10-15 21:11:14.517099
1542.1,10.0,1560.6,2.0,Vertex,2023-10-15 21:11:14.517099
1541.1,10.0,1560.7,2.0,Vertex,2023-10-15 21:11:14.517099
1541.0,0.17,1560.8,0.4,Vertex,2023-10-15 21:11:14.517099
1537.0,15.0,1560.9,2.9,Vertex,2023-10-15 21:11:14.517099
1514.0,0.53,1561.1,3.4,Vertex,2023-10-15 21:11:14.517099
1503.0,0.56,1561.2,3.1,Vertex,2023-10-15 21:11:14.517099
1502.0,0.3,1561.4,1.0,Vertex,2023-10-15 21:11:14.517099
1498.0,3.0,1564.5,0.7,Vertex,2023-10-15 21:11:14.517099
1450.0,3.68,1564.6,2.1,Vertex,2023-10-15 21:11:14.517099
1400.0,0.1,1564.7,1.6,Vertex,2023-10-15 21:11:14.517099
1360.0,7.35,1564.8,1.3,Vertex,2023-10-15 21:11:14.517099
1350.0,2.0,1564.9,1.6,Vertex,2023-10-15 21:11:14.517099
1565.3,133.32,1565.4,0.3,Vertex,2023-10-15 22:12:08.766264
1565.2,90.81,1565.5,0.1,Vertex,2023-10-15 22:12:08.766264
1565.1,256.16,1565.8,1.7,Vertex,2023-10-15 22:12:08.766264
1565.0,2.2,1565.9,0.5,Vertex,2023-10-15 22:12:08.766264
1564.8,13.82,1566.0,102.96,Vertex,2023-10-15 22:12:08.766264
1564.6,6.9,1566.1,13.06,Vertex,2023-10-15 22:12:08.766264
1564.5,228.28,1566.2,3.59,Vertex,2023-10-15 22:12:08.766264
1564.3,3.8,1566.3,0.6,Vertex,2023-10-15 22:12:08.766264
1564.2,4.89,1566.4,0.5,Vertex,2023-10-15 22:12:08.766264
1564.1,121.6,1566.5,33.32,Vertex,2023-10-15 22:12:08.766264
1564.0,16.47,1566.6,116.0,Vertex,2023-10-15 22:12:08.766264
1563.9,9.77,1566.7,74.09,Vertex,2023-10-15 22:12:08.766264
1563.8,0.01,1566.8,2.3,Vertex,2023-10-15 22:12:08.766264
1563.7,0.2,1566.9,0.8,Vertex,2023-10-15 22:12:08.766264
1563.6,1.2,1567.0,1.0,Vertex,2023-10-15 22:12:08.766264
1563.2,1.2,1567.3,223.31,Vertex,2023-10-15 22:12:08.766264
1563.1,1.0,1567.6,7.71,Vertex,2023-10-15 22:12:08.766264
1562.9,7.36,1567.8,223.25,Vertex,2023-10-15 22:12:08.766264
1562.0,4.0,1568.6,3.5,Vertex,2023-10-15 22:12:08.766264
1561.7,5.6,1569.0,20.0,Vertex,2023-10-15 22:12:08.766264
1560.0,0.4,1579.0,20.0,Vertex,2023-10-15 22:12:08.766264
1559.5,0.6,1585.0,0.1,Vertex,2023-10-15 22:12:08.766264
1559.3,3.6,1589.0,20.0,Vertex,2023-10-15 22:12:08.766264
1557.8,0.7,1590.0,7.0,Vertex,2023-10-15 22:12:08.766264
1557.7,2.8,1592.0,1.0,Vertex,2023-10-15 22:12:08.766264
1554.7,106.91,1554.8,2.7,Vertex,2023-10-15 23:13:10.528395
1554.4,7.68,1555.0,1.6,Vertex,2023-10-15 23:13:10.528395
1554.3,32.15,1555.1,97.86,Vertex,2023-10-15 23:13:10.528395
1554.0,64.34,1555.3,19.05,Vertex,2023-10-15 23:13:10.528395
1553.9,1.2,1555.4,1.2,Vertex,2023-10-15 23:13:10.528395
1553.7,0.51,1555.5,3.3,Vertex,2023-10-15 23:13:10.528395
1553.6,13.53,1555.6,2.1,Vertex,2023-10-15 23:13:10.528395
1553.5,115.84,1555.7,41.53,Vertex,2023-10-15 23:13:10.528395
1553.4,131.24,1555.8,6.7,Vertex,2023-10-15 23:13:10.528395
1553.2,5.3,1555.9,6.0,Vertex,2023-10-15 23:13:10.528395
1553.1,8.2,1556.0,0.4,Vertex,2023-10-15 23:13:10.528395
1553.0,1.1,1556.1,11.34,Vertex,2023-10-15 23:13:10.528395
1552.9,1.3,1556.2,69.46,Vertex,2023-10-15 23:13:10.528395
1552.8,13.92,1556.3,119.37,Vertex,2023-10-15 23:13:10.528395
1552.7,227.0,1556.4,0.5,Vertex,2023-10-15 23:13:10.528395
1552.6,17.38,1556.8,128.46,Vertex,2023-10-15 23:13:10.528395
1552.5,1.9,1556.9,4.22,Vertex,2023-10-15 23:13:10.528395
1552.4,9.64,1557.4,228.22,Vertex,2023-10-15 23:13:10.528395
1552.2,3.48,1561.5,1.3,Vertex,2023-10-15 23:13:10.528395
1550.0,0.68,1561.7,1.6,Vertex,2023-10-15 23:13:10.528395
1548.0,0.96,1561.8,1.9,Vertex,2023-10-15 23:13:10.528395
1545.0,0.54,1562.0,2.2,Vertex,2023-10-15 23:13:10.528395
1544.1,10.0,1562.2,1.0,Vertex,2023-10-15 23:13:10.528395
1543.1,10.0,1569.0,20.0,Vertex,2023-10-15 23:13:10.528395
1542.1,10.0,1579.0,20.0,Vertex,2023-10-15 23:13:10.528395
1556.8,18.03,1556.9,102.93,Vertex,2023-10-16 01:01:38.985451
1556.7,145.04,1557.0,60.07,Vertex,2023-10-16 01:01:38.985451
1556.6,34.01,1557.1,27.47,Vertex,2023-10-16 01:01:38.985451
1556.5,3.4,1557.2,128.43,Vertex,2023-10-16 01:01:38.985451
1556.4,16.48,1557.3,1.5,Vertex,2023-10-16 01:01:38.985451
1556.3,128.5,1557.4,4.61,Vertex,2023-10-16 01:01:38.985451
1556.2,5.0,1557.5,2.2,Vertex,2023-10-16 01:01:38.985451
1556.1,0.4,1557.6,228.51,Vertex,2023-10-16 01:01:38.985451
1556.0,1.4,1557.7,1.8,Vertex,2023-10-16 01:01:38.985451
1555.9,225.73,1557.8,2.8,Vertex,2023-10-16 01:01:38.985451
1555.6,119.75,1557.9,5.1,Vertex,2023-10-16 01:01:38.985451
1555.5,13.94,1558.0,120.15,Vertex,2023-10-16 01:01:38.985451
1555.4,1.1,1558.1,1.4,Vertex,2023-10-16 01:01:38.985451
1555.3,15.52,1558.2,10.73,Vertex,2023-10-16 01:01:38.985451
1555.2,2.2,1558.3,1.8,Vertex,2023-10-16 01:01:38.985451
1555.1,3.1,1558.4,0.4,Vertex,2023-10-16 01:01:38.985451
1554.8,3.21,1558.5,0.8,Vertex,2023-10-16 01:01:38.985451
1554.6,9.63,1558.6,0.7,Vertex,2023-10-16 01:01:38.985451
1554.4,3.48,1558.8,0.4,Vertex,2023-10-16 01:01:38.985451
1550.0,0.68,1559.1,4.22,Vertex,2023-10-16 01:01:38.985451
1548.0,0.96,1559.2,3.5,Vertex,2023-10-16 01:01:38.985451
1545.0,0.54,1569.0,20.0,Vertex,2023-10-16 01:01:38.985451
1541.0,0.17,1569.6,0.3,Vertex,2023-10-16 01:01:38.985451
1537.0,15.0,1579.0,20.0,Vertex,2023-10-16 01:01:38.985451
1514.0,0.53,1585.0,0.1,Vertex,2023-10-16 01:01:38.985451
1565.8,60.76,1565.9,115.02,Vertex,2023-10-16 02:22:47.479356
1565.7,31.92,1566.0,32.82,Vertex,2023-10-16 02:22:47.479356
1565.6,73.04,1566.1,64.75,Vertex,2023-10-16 02:22:47.479356
1565.5,53.66,1566.2,0.8,Vertex,2023-10-16 02:22:47.479356
1565.4,1.7,1566.3,223.84,Vertex,2023-10-16 02:22:47.479356
1565.3,127.76,1566.4,4.49,Vertex,2023-10-16 02:22:47.479356
1565.1,2.5,1566.5,116.6,Vertex,2023-10-16 02:22:47.479356
1565.0,0.2,1566.6,223.4,Vertex,2023-10-16 02:22:47.479356
1564.8,230.75,1566.7,1.5,Vertex,2023-10-16 02:22:47.479356
1564.7,0.2,1566.9,5.21,Vertex,2023-10-16 02:22:47.479356
1564.6,1.1,1567.2,9.57,Vertex,2023-10-16 02:22:47.479356
1564.5,12.12,1568.1,4.19,Vertex,2023-10-16 02:22:47.479356
1564.4,118.61,1568.4,3.5,Vertex,2023-10-16 02:22:47.479356
1564.3,12.87,1569.0,20.0,Vertex,2023-10-16 02:22:47.479356
1564.2,0.1,1569.6,0.3,Vertex,2023-10-16 02:22:47.479356
1564.1,1.6,1579.0,20.0,Vertex,2023-10-16 02:22:47.479356
1564.0,3.19,1589.0,20.0,Vertex,2023-10-16 02:22:47.479356
1563.8,9.97,1590.0,7.0,Vertex,2023-10-16 02:22:47.479356
1563.7,0.3,1592.0,1.0,Vertex,2023-10-16 02:22:47.479356
1563.6,0.2,1599.0,20.0,Vertex,2023-10-16 02:22:47.479356
1563.5,0.1,1600.0,2.0,Vertex,2023-10-16 02:22:47.479356
1563.4,3.56,1608.0,1.79,Vertex,2023-10-16 02:22:47.479356
1563.3,0.8,1609.0,20.0,Vertex,2023-10-16 02:22:47.479356
1563.0,2.9,1619.0,20.0,Vertex,2023-10-16 02:22:47.479356
1562.8,1.4,1629.0,20.0,Vertex,2023-10-16 02:22:47.479356
1561.7,132.29,1561.8,98.49,Vertex,2023-10-16 03:14:31.689431
1561.6,64.13,1561.9,60.49,Vertex,2023-10-16 03:14:31.689431
1561.5,27.29,1562.0,32.0,Vertex,2023-10-16 03:14:31.689431
1561.4,128.68,1562.1,1.9,Vertex,2023-10-16 03:14:31.689431
1561.3,9.38,1562.2,3.6,Vertex,2023-10-16 03:14:31.689431
1561.2,226.76,1562.3,155.1,Vertex,2023-10-16 03:14:31.689431
1561.1,4.4,1562.4,116.97,Vertex,2023-10-16 03:14:31.689431
1561.0,2.3,1562.5,0.3,Vertex,2023-10-16 03:14:31.689431
1560.9,6.2,1562.6,227.97,Vertex,2023-10-16 03:14:31.689431
1560.8,4.1,1562.8,3.6,Vertex,2023-10-16 03:14:31.689431
1560.7,0.6,1562.9,0.3,Vertex,2023-10-16 03:14:31.689431
1560.6,4.8,1563.0,6.42,Vertex,2023-10-16 03:14:31.689431
1560.5,12.12,1563.1,15.6,Vertex,2023-10-16 03:14:31.689431
1560.4,115.2,1563.2,5.1,Vertex,2023-10-16 03:14:31.689431
1560.3,3.52,1563.3,8.5,Vertex,2023-10-16 03:14:31.689431
1559.8,12.8,1563.5,0.8,Vertex,2023-10-16 03:14:31.689431
1559.7,3.2,1563.7,1.6,Vertex,2023-10-16 03:14:31.689431
1559.6,9.6,1563.8,2.0,Vertex,2023-10-16 03:14:31.689431
1559.2,3.47,1564.0,6.6,Vertex,2023-10-16 03:14:31.689431
1555.4,5.0,1564.1,6.3,Vertex,2023-10-16 03:14:31.689431
1550.4,5.0,1564.3,1.0,Vertex,2023-10-16 03:14:31.689431
1550.0,0.68,1569.0,20.0,Vertex,2023-10-16 03:14:31.689431
1548.0,0.96,1569.6,0.3,Vertex,2023-10-16 03:14:31.689431
1545.4,5.0,1579.0,20.0,Vertex,2023-10-16 03:14:31.689431
1545.0,0.54,1589.0,20.0,Vertex,2023-10-16 03:14:31.689431
1562.5,0.01,1562.6,353.47,Vertex,2023-10-16 04:16:32.326670
1562.2,0.6,1562.8,226.06,Vertex,2023-10-16 04:16:32.326670
1562.1,0.2,1562.9,2.0,Vertex,2023-10-16 04:16:32.326670
1562.0,29.07,1563.0,3.7,Vertex,2023-10-16 04:16:32.326670
1561.9,28.97,1563.1,3.9,Vertex,2023-10-16 04:16:32.326670
1561.8,13.0,1563.2,0.1,Vertex,2023-10-16 04:16:32.326670
1561.7,4.0,1563.3,119.73,Vertex,2023-10-16 04:16:32.326670
1561.6,40.48,1563.4,5.8,Vertex,2023-10-16 04:16:32.326670
1561.5,130.73,1563.5,3.0,Vertex,2023-10-16 04:16:32.326670
1561.4,12.8,1563.6,3.8,Vertex,2023-10-16 04:16:32.326670
1561.3,4.6,1563.7,12.71,Vertex,2023-10-16 04:16:32.326670
1561.2,120.59,1563.8,6.3,Vertex,2023-10-16 04:16:32.326670
1561.1,235.39,1563.9,19.0,Vertex,2023-10-16 04:16:32.326670
1560.7,15.63,1564.0,14.7,Vertex,2023-10-16 04:16:32.326670
1560.4,12.79,1564.1,1.1,Vertex,2023-10-16 04:16:32.326670
1560.2,3.47,1564.2,1.3,Vertex,2023-10-16 04:16:32.326670
1560.1,3.2,1564.3,1.4,Vertex,2023-10-16 04:16:32.326670
1560.0,9.6,1564.4,3.5,Vertex,2023-10-16 04:16:32.326670
1555.4,5.0,1564.5,1.6,Vertex,2023-10-16 04:16:32.326670
1550.4,5.0,1564.6,1.9,Vertex,2023-10-16 04:16:32.326670
1550.0,0.68,1564.7,4.1,Vertex,2023-10-16 04:16:32.326670
1548.0,0.96,1564.9,6.4,Vertex,2023-10-16 04:16:32.326670
1545.4,5.0,1565.0,2.7,Vertex,2023-10-16 04:16:32.326670
1545.0,0.54,1569.0,20.0,Vertex,2023-10-16 04:16:32.326670
1541.0,0.17,1569.6,0.3,Vertex,2023-10-16 04:16:32.326670
1563.9,167.13,1564.0,81.67,Vertex,2023-10-16 05:13:20.199902
1563.8,34.06,1564.1,85.66,Vertex,2023-10-16 05:13:20.199902
1563.7,7.68,1564.2,32.06,Vertex,2023-10-16 05:13:20.199902
1563.6,129.8,1564.4,129.74,Vertex,2023-10-16 05:13:20.199902
1563.5,2.2,1564.5,128.27,Vertex,2023-10-16 05:13:20.199902
1563.4,1.1,1564.6,2.5,Vertex,2023-10-16 05:13:20.199902
1563.3,2.5,1564.7,225.28,Vertex,2023-10-16 05:13:20.199902
1563.2,8.2,1564.8,9.8,Vertex,2023-10-16 05:13:20.199902
1563.1,229.3,1564.9,7.81,Vertex,2023-10-16 05:13:20.199902
1563.0,7.09,1565.0,1.7,Vertex,2023-10-16 05:13:20.199902
1562.9,2.3,1565.3,10.29,Vertex,2023-10-16 05:13:20.199902
1562.8,6.8,1565.4,2.5,Vertex,2023-10-16 05:13:20.199902
1562.7,12.22,1566.2,4.2,Vertex,2023-10-16 05:13:20.199902
1562.5,9.59,1566.5,3.5,Vertex,2023-10-16 05:13:20.199902
1562.4,116.08,1569.0,20.0,Vertex,2023-10-16 05:13:20.199902
1562.3,0.8,1569.6,0.3,Vertex,2023-10-16 05:13:20.199902
1562.2,5.21,1579.0,20.0,Vertex,2023-10-16 05:13:20.199902
1562.1,6.5,1589.0,20.0,Vertex,2023-10-16 05:13:20.199902
1561.5,6.06,1590.0,7.0,Vertex,2023-10-16 05:13:20.199902
1561.4,3.7,1592.0,1.0,Vertex,2023-10-16 05:13:20.199902
1560.9,16.48,1599.0,20.0,Vertex,2023-10-16 05:13:20.199902
1560.5,1.1,1600.0,2.0,Vertex,2023-10-16 05:13:20.199902
1560.3,7.3,1608.0,1.79,Vertex,2023-10-16 05:13:20.199902
1555.4,5.0,1609.0,20.0,Vertex,2023-10-16 05:13:20.199902
1550.4,5.0,1619.0,20.0,Vertex,2023-10-16 05:13:20.199902
1582.6,0.5,1582.7,100.31,Vertex,2023-10-16 06:19:12.679495
1582.4,53.06,1582.8,116.13,Vertex,2023-10-16 06:19:12.679495
1582.3,13.03,1583.1,129.34,Vertex,2023-10-16 06:19:12.679495
1582.2,0.4,1583.2,6.05,Vertex,2023-10-16 06:19:12.679495
1582.1,87.8,1583.3,0.7,Vertex,2023-10-16 06:19:12.679495
1582.0,0.2,1583.4,6.96,Vertex,2023-10-16 06:19:12.679495
1581.9,63.81,1583.6,339.71,Vertex,2023-10-16 06:19:12.679495
1581.8,7.21,1583.8,3.5,Vertex,2023-10-16 06:19:12.679495
1581.7,0.1,1583.9,7.5,Vertex,2023-10-16 06:19:12.679495
1581.6,222.18,1584.0,12.87,Vertex,2023-10-16 06:19:12.679495
1581.5,114.91,1584.1,5.6,Vertex,2023-10-16 06:19:12.679495
1581.3,1.7,1584.4,0.7,Vertex,2023-10-16 06:19:12.679495
1581.2,221.34,1584.5,4.1,Vertex,2023-10-16 06:19:12.679495
1581.1,3.46,1584.6,3.5,Vertex,2023-10-16 06:19:12.679495
1580.8,11.82,1584.9,4.24,Vertex,2023-10-16 06:19:12.679495
1580.2,3.34,1585.1,2.4,Vertex,2023-10-16 06:19:12.679495
1580.1,12.62,1586.3,2.0,Vertex,2023-10-16 06:19:12.679495
1579.7,12.61,1586.4,0.7,Vertex,2023-10-16 06:19:12.679495
1555.4,5.0,1586.5,0.1,Vertex,2023-10-16 06:19:12.679495
1555.0,0.3,1586.8,6.9,Vertex,2023-10-16 06:19:12.679495
1550.4,5.0,1586.9,8.3,Vertex,2023-10-16 06:19:12.679495
1550.0,0.68,1587.1,7.3,Vertex,2023-10-16 06:19:12.679495
1548.0,0.96,1587.2,0.6,Vertex,2023-10-16 06:19:12.679495
1545.4,5.0,1587.3,2.3,Vertex,2023-10-16 06:19:12.679495
1541.0,0.17,1587.4,0.7,Vertex,2023-10-16 06:19:12.679495
1578.0,12.66,1578.2,141.53,Vertex,2023-10-16 07:13:15.585357
1577.9,75.67,1578.3,31.67,Vertex,2023-10-16 07:13:15.585357
1577.8,116.66,1578.5,126.7,Vertex,2023-10-16 07:13:15.585357
1577.5,133.97,1578.6,3.4,Vertex,2023-10-16 07:13:15.585357
1577.4,221.87,1578.7,3.76,Vertex,2023-10-16 07:13:15.585357
1577.3,0.3,1578.8,1.4,Vertex,2023-10-16 07:13:15.585357
1576.8,117.71,1578.9,224.08,Vertex,2023-10-16 07:13:15.585357
1576.7,0.3,1579.1,5.8,Vertex,2023-10-16 07:13:15.585357
1576.6,0.1,1579.2,6.1,Vertex,2023-10-16 07:13:15.585357
1576.5,12.02,1579.3,115.33,Vertex,2023-10-16 07:13:15.585357
1576.4,0.4,1579.4,2.8,Vertex,2023-10-16 07:13:15.585357
1576.2,0.4,1579.5,14.08,Vertex,2023-10-16 07:13:15.585357
1576.0,3.56,1579.6,4.0,Vertex,2023-10-16 07:13:15.585357
1575.9,3.26,1579.8,10.0,Vertex,2023-10-16 07:13:15.585357
1575.8,22.17,1579.9,5.3,Vertex,2023-10-16 07:13:15.585357
1575.7,3.35,1580.0,0.2,Vertex,2023-10-16 07:13:15.585357
1569.0,1.8900000000000001,1580.1,0.9,Vertex,2023-10-16 07:13:15.585357
1555.4,5.0,1580.2,1.9,Vertex,2023-10-16 07:13:15.585357
1555.0,0.3,1580.4,9.95,Vertex,2023-10-16 07:13:15.585357
1550.4,5.0,1580.6,1.2,Vertex,2023-10-16 07:13:15.585357
1550.0,0.68,1580.7,3.1,Vertex,2023-10-16 07:13:15.585357
1548.0,0.96,1580.9,2.0,Vertex,2023-10-16 07:13:15.585357
1545.4,5.0,1581.0,1.6,Vertex,2023-10-16 07:13:15.585357
1540.4,5.0,1581.3,1.3,Vertex,2023-10-16 07:13:15.585357
1537.0,15.0,1581.5,1.6,Vertex,2023-10-16 07:13:15.585357
