bid_price,bid_size,ask_price,ask_size,protocol_name,timestamp
21.875,228.0,21.876,228.0,Vertex,2023-10-14 12:24:06.708532
21.874,257.0,21.878,685.0,Vertex,2023-10-14 12:24:06.708532
21.873,685.0,21.879,1828.0,Vertex,2023-10-14 12:24:06.708532
21.872,1828.0,21.88,257.0,Vertex,2023-10-14 12:24:06.708532
21.869,548.0,21.883,548.0,Vertex,2023-10-14 12:24:06.708532
21.866,816.0,21.885,4112.0,Vertex,2023-10-14 12:24:06.708532
21.864,137.0,21.902,677.0,Vertex,2023-10-14 12:24:06.708532
21.863,4116.0,21.904,1348.0,Vertex,2023-10-14 12:24:06.708532
21.857,816.0,21.906,4570.0,Vertex,2023-10-14 12:24:06.708532
21.854,1348.0,21.91,677.0,Vertex,2023-10-14 12:24:06.708532
21.85,4570.0,21.933,118.5,Vertex,2023-10-14 12:24:06.708532
21.824,128.0,21.963,114.0,Vertex,2023-10-14 12:24:06.708532
21.788,113.0,25.0,5.0,Vertex,2023-10-14 12:24:06.708532
21.3,67.5,26.8,5.0,Vertex,2023-10-14 12:24:06.708532
20.53,50.0,,,Vertex,2023-10-14 12:24:06.708532
18.9,773.0,,,Vertex,2023-10-14 12:24:06.708532
17.25,724.5,,,Vertex,2023-10-14 12:24:06.708532
16.5,606.0,,,Vertex,2023-10-14 12:24:06.708532
21.888,256.0,21.89,228.0,Vertex,2023-10-14 13:14:29.130097
21.887,228.0,21.891,685.0,Vertex,2023-10-14 13:14:29.130097
21.886,685.0,21.892,1827.0,Vertex,2023-10-14 13:14:29.130097
21.885,1827.0,21.896,256.0,Vertex,2023-10-14 13:14:29.130097
21.881,547.0,21.898,547.0,Vertex,2023-10-14 13:14:29.130097
21.877,4113.0,21.9,4109.0,Vertex,2023-10-14 13:14:29.130097
21.876,817.0,21.912,677.0,Vertex,2023-10-14 13:14:29.130097
21.868,816.0,21.915,2250.0,Vertex,2023-10-14 13:14:29.130097
21.859,136.0,21.918,4566.0,Vertex,2023-10-14 13:14:29.130097
21.852,4566.0,21.919,690.0,Vertex,2023-10-14 13:14:29.130097
21.849,2250.0,21.947,118.0,Vertex,2023-10-14 13:14:29.130097
21.838,128.0,21.977,114.0,Vertex,2023-10-14 13:14:29.130097
21.801,113.0,25.0,5.0,Vertex,2023-10-14 13:14:29.130097
21.3,67.5,26.8,5.0,Vertex,2023-10-14 13:14:29.130097
20.53,50.0,,,Vertex,2023-10-14 13:14:29.130097
18.9,773.0,,,Vertex,2023-10-14 13:14:29.130097
17.25,724.5,,,Vertex,2023-10-14 13:14:29.130097
16.5,606.0,,,Vertex,2023-10-14 13:14:29.130097
21.971,255.0,21.972,227.0,Vertex,2023-10-14 14:11:08.873711
21.968,227.0,21.974,2502.0,Vertex,2023-10-14 14:11:08.873711
21.967,1227.0,21.978,255.0,Vertex,2023-10-14 14:11:08.873711
21.966,1820.0,21.98,545.0,Vertex,2023-10-14 14:11:08.873711
21.958,4098.0,21.984,4094.0,Vertex,2023-10-14 14:11:08.873711
21.956,817.0,21.993,677.0,Vertex,2023-10-14 14:11:08.873711
21.955,136.0,21.995,4549.0,Vertex,2023-10-14 14:11:08.873711
21.947,816.0,21.998,2940.0,Vertex,2023-10-14 14:11:08.873711
21.942,2250.0,22.03,118.0,Vertex,2023-10-14 14:11:08.873711
21.934,4549.0,22.06,113.5,Vertex,2023-10-14 14:11:08.873711
21.92,127.5,25.0,5.0,Vertex,2023-10-14 14:11:08.873711
21.883,113.0,26.8,5.0,Vertex,2023-10-14 14:11:08.873711
21.3,67.5,,,Vertex,2023-10-14 14:11:08.873711
20.53,50.0,,,Vertex,2023-10-14 14:11:08.873711
18.9,773.0,,,Vertex,2023-10-14 14:11:08.873711
17.25,724.5,,,Vertex,2023-10-14 14:11:08.873711
16.5,606.0,,,Vertex,2023-10-14 14:11:08.873711
21.924,256.0,21.927,228.0,Vertex,2023-10-14 15:12:24.044233
21.923,228.0,21.928,940.0,Vertex,2023-10-14 15:12:24.044233
21.921,684.0,21.929,1824.0,Vertex,2023-10-14 15:12:24.044233
21.92,1824.0,21.931,547.0,Vertex,2023-10-14 15:12:24.044233
21.919,547.0,21.935,4103.0,Vertex,2023-10-14 15:12:24.044233
21.911,4107.0,21.944,677.0,Vertex,2023-10-14 15:12:24.044233
21.908,817.0,21.949,2250.0,Vertex,2023-10-14 15:12:24.044233
21.903,136.0,21.953,690.0,Vertex,2023-10-14 15:12:24.044233
21.902,816.0,21.957,4559.0,Vertex,2023-10-14 15:12:24.044233
21.9,4559.0,21.984,118.0,Vertex,2023-10-14 15:12:24.044233
21.882,2250.0,22.014,113.5,Vertex,2023-10-14 15:12:24.044233
21.874,128.0,25.0,5.0,Vertex,2023-10-14 15:12:24.044233
21.838,113.0,26.8,5.0,Vertex,2023-10-14 15:12:24.044233
20.53,50.0,,,Vertex,2023-10-14 15:12:24.044233
18.9,773.0,,,Vertex,2023-10-14 15:12:24.044233
16.5,606.0,,,Vertex,2023-10-14 15:12:24.044233
22.042,226.0,22.043,226.0,Vertex,2023-10-14 16:15:54.426941
22.04,680.0,22.045,3038.0,Vertex,2023-10-14 16:15:54.426941
22.039,2069.0,22.055,4080.0,Vertex,2023-10-14 16:15:54.426941
22.032,4628.0,22.059,677.0,Vertex,2023-10-14 16:15:54.426941
22.022,817.0,22.065,2250.0,Vertex,2023-10-14 16:15:54.426941
22.014,816.0,22.066,690.0,Vertex,2023-10-14 16:15:54.426941
22.012,2386.0,22.068,4534.0,Vertex,2023-10-14 16:15:54.426941
22.006,4534.0,22.101,117.5,Vertex,2023-10-14 16:15:54.426941
21.992,127.0,22.132,249.0,Vertex,2023-10-14 16:15:54.426941
21.955,112.0,25.0,5.0,Vertex,2023-10-14 16:15:54.426941
20.53,50.0,26.8,5.0,Vertex,2023-10-14 16:15:54.426941
18.9,773.0,,,Vertex,2023-10-14 16:15:54.426941
16.5,606.0,,,Vertex,2023-10-14 16:15:54.426941
22.042,255.0,22.043,2720.0,Vertex,2023-10-14 17:10:58.104358
22.039,543.0,22.053,544.0,Vertex,2023-10-14 17:10:58.104358
22.036,226.0,22.063,677.0,Vertex,2023-10-14 17:10:58.104358
22.035,680.0,22.072,690.0,Vertex,2023-10-14 17:10:58.104358
22.034,1815.0,22.076,2250.0,Vertex,2023-10-14 17:10:58.104358
22.028,817.0,22.078,4533.0,Vertex,2023-10-14 17:10:58.104358
22.026,4085.0,22.101,117.5,Vertex,2023-10-14 17:10:58.104358
22.025,135.0,22.131,113.0,Vertex,2023-10-14 17:10:58.104358
22.02,816.0,25.0,5.0,Vertex,2023-10-14 17:10:58.104358
22.019,2250.0,26.8,5.0,Vertex,2023-10-14 17:10:58.104358
22.015,4533.0,,,Vertex,2023-10-14 17:10:58.104358
21.992,127.0,,,Vertex,2023-10-14 17:10:58.104358
21.954,112.0,,,Vertex,2023-10-14 17:10:58.104358
21.8,229.0,,,Vertex,2023-10-14 17:10:58.104358
21.6,462.5,,,Vertex,2023-10-14 17:10:58.104358
21.4,700.5,,,Vertex,2023-10-14 17:10:58.104358
20.53,50.0,,,Vertex,2023-10-14 17:10:58.104358
18.9,773.0,,,Vertex,2023-10-14 17:10:58.104358
16.5,606.0,,,Vertex,2023-10-14 17:10:58.104358
21.999,255.0,22.0,908.0,Vertex,2023-10-14 18:16:27.680246
21.998,227.0,22.002,1818.0,Vertex,2023-10-14 18:16:27.680246
21.996,1226.0,22.007,545.0,Vertex,2023-10-14 18:16:27.680246
21.995,1818.0,22.009,4089.0,Vertex,2023-10-14 18:16:27.680246
21.986,4093.0,22.015,677.0,Vertex,2023-10-14 18:16:27.680246
21.979,817.0,22.022,690.0,Vertex,2023-10-14 18:16:27.680246
21.977,136.0,22.027,4545.0,Vertex,2023-10-14 18:16:27.680246
21.974,2250.0,22.041,2250.0,Vertex,2023-10-14 18:16:27.680246
21.971,816.0,22.058,117.5,Vertex,2023-10-14 18:16:27.680246
21.966,4545.0,22.088,113.5,Vertex,2023-10-14 18:16:27.680246
21.949,127.5,25.0,5.0,Vertex,2023-10-14 18:16:27.680246
21.911,113.0,26.8,5.0,Vertex,2023-10-14 18:16:27.680246
21.8,229.0,,,Vertex,2023-10-14 18:16:27.680246
21.6,462.5,,,Vertex,2023-10-14 18:16:27.680246
21.4,700.5,,,Vertex,2023-10-14 18:16:27.680246
20.53,50.0,,,Vertex,2023-10-14 18:16:27.680246
18.9,773.0,,,Vertex,2023-10-14 18:16:27.680246
16.5,606.0,,,Vertex,2023-10-14 18:16:27.680246
22.018,227.0,22.02,227.0,Vertex,2023-10-14 19:10:16.868459
22.017,681.0,22.021,681.0,Vertex,2023-10-14 19:10:16.868459
22.016,2071.0,22.022,1816.0,Vertex,2023-10-14 19:10:16.868459
22.013,545.0,22.027,545.0,Vertex,2023-10-14 19:10:16.868459
22.008,4089.0,22.031,4085.0,Vertex,2023-10-14 19:10:16.868459
21.999,817.0,22.036,677.0,Vertex,2023-10-14 19:10:16.868459
21.992,816.0,22.041,2250.0,Vertex,2023-10-14 19:10:16.868459
21.986,136.0,22.042,4541.0,Vertex,2023-10-14 19:10:16.868459
21.985,4541.0,22.043,690.0,Vertex,2023-10-14 19:10:16.868459
21.974,2250.0,22.077,117.5,Vertex,2023-10-14 19:10:16.868459
21.968,127.0,22.107,249.5,Vertex,2023-10-14 19:10:16.868459
21.93,113.0,25.0,5.0,Vertex,2023-10-14 19:10:16.868459
21.8,229.0,26.8,5.0,Vertex,2023-10-14 19:10:16.868459
21.6,462.5,,,Vertex,2023-10-14 19:10:16.868459
21.4,700.5,,,Vertex,2023-10-14 19:10:16.868459
20.53,50.0,,,Vertex,2023-10-14 19:10:16.868459
18.9,773.0,,,Vertex,2023-10-14 19:10:16.868459
16.5,606.0,,,Vertex,2023-10-14 19:10:16.868459
22.015,227.0,22.016,227.0,Vertex,2023-10-14 20:13:04.575500
22.014,681.0,22.017,681.0,Vertex,2023-10-14 20:13:04.575500
22.013,2072.0,22.019,1816.0,Vertex,2023-10-14 20:13:04.575500
22.009,544.0,22.025,4630.0,Vertex,2023-10-14 20:13:04.575500
22.003,4090.0,22.034,677.0,Vertex,2023-10-14 20:13:04.575500
21.998,817.0,22.039,2250.0,Vertex,2023-10-14 20:13:04.575500
21.992,136.0,22.041,690.0,Vertex,2023-10-14 20:13:04.575500
21.99,816.0,22.046,4541.0,Vertex,2023-10-14 20:13:04.575500
21.985,2250.0,22.073,117.5,Vertex,2023-10-14 20:13:04.575500
21.981,4541.0,22.104,113.5,Vertex,2023-10-14 20:13:04.575500
21.965,127.0,22.105,136.0,Vertex,2023-10-14 20:13:04.575500
21.927,113.0,25.0,5.0,Vertex,2023-10-14 20:13:04.575500
21.8,229.0,26.8,5.0,Vertex,2023-10-14 20:13:04.575500
21.6,462.5,,,Vertex,2023-10-14 20:13:04.575500
21.4,700.5,,,Vertex,2023-10-14 20:13:04.575500
20.53,50.0,,,Vertex,2023-10-14 20:13:04.575500
18.9,773.0,,,Vertex,2023-10-14 20:13:04.575500
16.5,606.0,,,Vertex,2023-10-14 20:13:04.575500
21.998,227.0,22.002,227.0,Vertex,2023-10-14 21:11:00.700665
21.995,255.0,22.006,681.0,Vertex,2023-10-14 21:11:00.700665
21.994,681.0,22.009,545.0,Vertex,2023-10-14 21:11:00.700665
21.993,2363.0,22.018,4087.0,Vertex,2023-10-14 21:11:00.700665
21.985,817.0,22.022,677.0,Vertex,2023-10-14 21:11:00.700665
21.981,4094.0,22.024,2250.0,Vertex,2023-10-14 21:11:00.700665
21.98,136.0,22.028,690.0,Vertex,2023-10-14 21:11:00.700665
21.979,817.0,22.034,4543.0,Vertex,2023-10-14 21:11:00.700665
21.975,4543.0,22.059,117.5,Vertex,2023-10-14 21:11:00.700665
21.974,2250.0,22.09,249.5,Vertex,2023-10-14 21:11:00.700665
21.948,127.5,25.0,5.0,Vertex,2023-10-14 21:11:00.700665
21.907,113.0,26.8,5.0,Vertex,2023-10-14 21:11:00.700665
21.8,229.0,,,Vertex,2023-10-14 21:11:00.700665
21.6,462.5,,,Vertex,2023-10-14 21:11:00.700665
21.4,700.5,,,Vertex,2023-10-14 21:11:00.700665
20.53,50.0,,,Vertex,2023-10-14 21:11:00.700665
18.9,773.0,,,Vertex,2023-10-14 21:11:00.700665
16.5,606.0,,,Vertex,2023-10-14 21:11:00.700665
21.947,227.0,21.95,227.0,Vertex,2023-10-14 22:11:47.045355
21.946,256.0,21.952,683.0,Vertex,2023-10-14 22:11:47.045355
21.945,683.0,21.954,1822.0,Vertex,2023-10-14 22:11:47.045355
21.944,1822.0,21.958,546.0,Vertex,2023-10-14 22:11:47.045355
21.941,546.0,21.96,4098.0,Vertex,2023-10-14 22:11:47.045355
21.935,4103.0,21.97,690.0,Vertex,2023-10-14 22:11:47.045355
21.933,817.0,21.974,2250.0,Vertex,2023-10-14 22:11:47.045355
21.925,3066.0,21.976,690.0,Vertex,2023-10-14 22:11:47.045355
21.923,4556.0,21.984,4556.0,Vertex,2023-10-14 22:11:47.045355
21.921,136.0,22.007,118.0,Vertex,2023-10-14 22:11:47.045355
21.896,127.5,22.037,113.5,Vertex,2023-10-14 22:11:47.045355
21.86,113.0,25.0,5.0,Vertex,2023-10-14 22:11:47.045355
21.8,229.0,26.8,5.0,Vertex,2023-10-14 22:11:47.045355
21.6,462.5,,,Vertex,2023-10-14 22:11:47.045355
21.4,700.5,,,Vertex,2023-10-14 22:11:47.045355
20.53,50.0,,,Vertex,2023-10-14 22:11:47.045355
18.9,773.0,,,Vertex,2023-10-14 22:11:47.045355
16.5,606.0,,,Vertex,2023-10-14 22:11:47.045355
21.999,482.0,22.0,227.0,Vertex,2023-10-14 23:12:29.245731
21.998,681.0,22.001,681.0,Vertex,2023-10-14 23:12:29.245731
21.997,1818.0,22.002,1818.0,Vertex,2023-10-14 23:12:29.245731
21.992,545.0,22.007,545.0,Vertex,2023-10-14 23:12:29.245731
21.989,4092.0,22.009,4089.0,Vertex,2023-10-14 23:12:29.245731
21.983,817.0,22.018,677.0,Vertex,2023-10-14 23:12:29.245731
21.981,136.0,22.024,2250.0,Vertex,2023-10-14 23:12:29.245731
21.974,816.0,22.025,690.0,Vertex,2023-10-14 23:12:29.245731
21.968,2250.0,22.027,4544.0,Vertex,2023-10-14 23:12:29.245731
21.966,4544.0,22.057,117.5,Vertex,2023-10-14 23:12:29.245731
21.949,127.5,22.088,113.5,Vertex,2023-10-14 23:12:29.245731
21.911,113.0,25.0,5.0,Vertex,2023-10-14 23:12:29.245731
21.8,229.0,26.8,5.0,Vertex,2023-10-14 23:12:29.245731
21.6,462.5,,,Vertex,2023-10-14 23:12:29.245731
21.4,700.5,,,Vertex,2023-10-14 23:12:29.245731
20.53,50.0,,,Vertex,2023-10-14 23:12:29.245731
18.9,773.0,,,Vertex,2023-10-14 23:12:29.245731
16.5,606.0,,,Vertex,2023-10-14 23:12:29.245731
21.875,257.0,21.876,2741.0,Vertex,2023-10-15 01:04:30.965135
21.872,776.0,21.883,4112.0,Vertex,2023-10-15 01:04:30.965135
21.87,685.0,21.885,548.0,Vertex,2023-10-15 01:04:30.965135
21.869,1829.0,21.895,677.0,Vertex,2023-10-15 01:04:30.965135
21.863,4116.0,21.904,690.0,Vertex,2023-10-15 01:04:30.965135
21.859,817.0,21.906,4570.0,Vertex,2023-10-15 01:04:30.965135
21.853,953.0,21.908,2250.0,Vertex,2023-10-15 01:04:30.965135
21.852,2250.0,21.933,118.5,Vertex,2023-10-15 01:04:30.965135
21.85,4570.0,21.963,114.0,Vertex,2023-10-15 01:04:30.965135
21.826,128.0,25.0,5.0,Vertex,2023-10-15 01:04:30.965135
21.8,229.0,26.8,5.0,Vertex,2023-10-15 01:04:30.965135
21.788,113.0,,,Vertex,2023-10-15 01:04:30.965135
21.6,462.5,,,Vertex,2023-10-15 01:04:30.965135
21.4,700.5,,,Vertex,2023-10-15 01:04:30.965135
20.53,50.0,,,Vertex,2023-10-15 01:04:30.965135
18.9,773.0,,,Vertex,2023-10-15 01:04:30.965135
16.5,606.0,,,Vertex,2023-10-15 01:04:30.965135
22.038,226.0,22.04,226.0,Vertex,2023-10-15 02:22:47.011398
22.036,1479.0,22.041,255.0,Vertex,2023-10-15 02:22:47.011398
22.034,1815.0,22.043,680.0,Vertex,2023-10-15 02:22:47.011398
22.025,4086.0,22.044,1814.0,Vertex,2023-10-15 02:22:47.011398
22.02,817.0,22.051,544.0,Vertex,2023-10-15 02:22:47.011398
22.018,135.0,22.055,4080.0,Vertex,2023-10-15 02:22:47.011398
22.012,816.0,22.057,677.0,Vertex,2023-10-15 02:22:47.011398
22.006,4532.0,22.064,690.0,Vertex,2023-10-15 02:22:47.011398
21.997,2250.0,22.065,2250.0,Vertex,2023-10-15 02:22:47.011398
21.988,127.0,22.068,4537.0,Vertex,2023-10-15 02:22:47.011398
21.95,112.0,22.098,117.5,Vertex,2023-10-15 02:22:47.011398
21.8,229.0,22.128,249.0,Vertex,2023-10-15 02:22:47.011398
21.6,462.5,25.0,5.0,Vertex,2023-10-15 02:22:47.011398
21.4,700.5,26.8,5.0,Vertex,2023-10-15 02:22:47.011398
20.53,50.0,,,Vertex,2023-10-15 02:22:47.011398
18.9,773.0,,,Vertex,2023-10-15 02:22:47.011398
16.5,606.0,,,Vertex,2023-10-15 02:22:47.011398
22.002,482.0,22.004,227.0,Vertex,2023-10-15 03:13:48.169700
22.0,681.0,22.007,681.0,Vertex,2023-10-15 03:13:48.169700
21.999,1818.0,22.008,2072.0,Vertex,2023-10-15 03:13:48.169700
21.997,545.0,22.013,545.0,Vertex,2023-10-15 03:13:48.169700
21.991,4092.0,22.018,4087.0,Vertex,2023-10-15 03:13:48.169700
21.987,817.0,22.023,677.0,Vertex,2023-10-15 03:13:48.169700
21.982,136.0,22.028,4549.0,Vertex,2023-10-15 03:13:48.169700
21.979,816.0,22.029,2250.0,Vertex,2023-10-15 03:13:48.169700
21.973,2250.0,22.03,690.0,Vertex,2023-10-15 03:13:48.169700
21.971,4549.0,22.061,117.5,Vertex,2023-10-15 03:13:48.169700
21.953,127.5,22.093,113.5,Vertex,2023-10-15 03:13:48.169700
21.916,113.0,25.0,5.0,Vertex,2023-10-15 03:13:48.169700
21.8,229.0,26.8,5.0,Vertex,2023-10-15 03:13:48.169700
21.6,462.5,,,Vertex,2023-10-15 03:13:48.169700
21.4,700.5,,,Vertex,2023-10-15 03:13:48.169700
20.53,50.0,,,Vertex,2023-10-15 03:13:48.169700
18.9,773.0,,,Vertex,2023-10-15 03:13:48.169700
16.5,606.0,,,Vertex,2023-10-15 03:13:48.169700
21.9,228.0,21.901,228.0,Vertex,2023-10-15 04:15:31.079085
21.898,684.0,21.903,2510.0,Vertex,2023-10-15 04:15:31.079085
21.897,1826.0,21.904,256.0,Vertex,2023-10-15 04:15:31.079085
21.896,256.0,21.911,4654.0,Vertex,2023-10-15 04:15:31.079085
21.894,547.0,21.922,677.0,Vertex,2023-10-15 04:15:31.079085
21.888,4111.0,21.925,2250.0,Vertex,2023-10-15 04:15:31.079085
21.886,136.0,21.928,677.0,Vertex,2023-10-15 04:15:31.079085
21.885,817.0,21.932,4566.0,Vertex,2023-10-15 04:15:31.079085
21.876,816.0,21.958,118.0,Vertex,2023-10-15 04:15:31.079085
21.872,4566.0,21.992,114.0,Vertex,2023-10-15 04:15:31.079085
21.858,2250.0,25.0,5.0,Vertex,2023-10-15 04:15:31.079085
21.85,128.0,26.8,5.0,Vertex,2023-10-15 04:15:31.079085
21.808,113.0,,,Vertex,2023-10-15 04:15:31.079085
21.8,229.0,,,Vertex,2023-10-15 04:15:31.079085
21.6,462.5,,,Vertex,2023-10-15 04:15:31.079085
21.4,700.5,,,Vertex,2023-10-15 04:15:31.079085
20.53,50.0,,,Vertex,2023-10-15 04:15:31.079085
18.9,773.0,,,Vertex,2023-10-15 04:15:31.079085
16.5,606.0,,,Vertex,2023-10-15 04:15:31.079085
21.89,484.0,21.893,256.0,Vertex,2023-10-15 05:12:17.156750
21.889,685.0,21.894,228.0,Vertex,2023-10-15 05:12:17.156750
21.888,1827.0,21.896,1232.0,Vertex,2023-10-15 05:12:17.156750
21.887,547.0,21.897,1826.0,Vertex,2023-10-15 05:12:17.156750
21.883,4112.0,21.902,4109.0,Vertex,2023-10-15 05:12:17.156750
21.876,817.0,21.912,677.0,Vertex,2023-10-15 05:12:17.156750
21.871,136.0,21.919,690.0,Vertex,2023-10-15 05:12:17.156750
21.868,816.0,21.924,2250.0,Vertex,2023-10-15 05:12:17.156750
21.866,4565.0,21.925,4565.0,Vertex,2023-10-15 05:12:17.156750
21.861,2250.0,21.949,118.0,Vertex,2023-10-15 05:12:17.156750
21.841,128.0,21.98,114.0,Vertex,2023-10-15 05:12:17.156750
21.803,113.0,21.981,136.0,Vertex,2023-10-15 05:12:17.156750
21.8,229.0,25.0,5.0,Vertex,2023-10-15 05:12:17.156750
21.6,462.5,26.8,5.0,Vertex,2023-10-15 05:12:17.156750
21.4,700.5,,,Vertex,2023-10-15 05:12:17.156750
20.53,50.0,,,Vertex,2023-10-15 05:12:17.156750
18.9,773.0,,,Vertex,2023-10-15 05:12:17.156750
16.5,606.0,,,Vertex,2023-10-15 05:12:17.156750
21.9,228.0,21.901,256.0,Vertex,2023-10-15 06:17:16.855742
21.898,684.0,21.902,228.0,Vertex,2023-10-15 06:17:16.855742
21.897,2082.0,21.903,684.0,Vertex,2023-10-15 06:17:16.855742
21.893,548.0,21.904,1826.0,Vertex,2023-10-15 06:17:16.855742
21.889,4111.0,21.907,548.0,Vertex,2023-10-15 06:17:16.855742
21.883,954.0,21.911,4107.0,Vertex,2023-10-15 06:17:16.855742
21.875,3066.0,21.919,677.0,Vertex,2023-10-15 06:17:16.855742
21.872,4568.0,21.926,690.0,Vertex,2023-10-15 06:17:16.855742
21.85,128.0,21.931,2250.0,Vertex,2023-10-15 06:17:16.855742
21.812,113.0,21.932,4568.0,Vertex,2023-10-15 06:17:16.855742
21.8,229.0,21.957,118.0,Vertex,2023-10-15 06:17:16.855742
21.6,462.5,21.987,114.0,Vertex,2023-10-15 06:17:16.855742
21.4,700.5,21.99,137.0,Vertex,2023-10-15 06:17:16.855742
20.53,50.0,25.0,5.0,Vertex,2023-10-15 06:17:16.855742
20.3,1000.0,26.8,5.0,Vertex,2023-10-15 06:17:16.855742
18.9,773.0,,,Vertex,2023-10-15 06:17:16.855742
16.5,606.0,,,Vertex,2023-10-15 06:17:16.855742
21.938,227.0,21.939,227.0,Vertex,2023-10-15 07:11:32.566934
21.937,683.0,21.94,683.0,Vertex,2023-10-15 07:11:32.566934
21.936,2079.0,21.941,2079.0,Vertex,2023-10-15 07:11:32.566934
21.93,546.0,21.947,546.0,Vertex,2023-10-15 07:11:32.566934
21.929,4104.0,21.95,4100.0,Vertex,2023-10-15 07:11:32.566934
21.923,817.0,21.959,677.0,Vertex,2023-10-15 07:11:32.566934
21.918,136.0,21.964,2250.0,Vertex,2023-10-15 07:11:32.566934
21.915,4554.0,21.965,690.0,Vertex,2023-10-15 07:11:32.566934
21.914,3066.0,21.971,4554.0,Vertex,2023-10-15 07:11:32.566934
21.888,127.5,21.997,118.0,Vertex,2023-10-15 07:11:32.566934
21.85,113.0,22.027,113.5,Vertex,2023-10-15 07:11:32.566934
21.8,229.0,25.0,5.0,Vertex,2023-10-15 07:11:32.566934
21.6,462.5,26.8,5.0,Vertex,2023-10-15 07:11:32.566934
21.4,700.5,,,Vertex,2023-10-15 07:11:32.566934
20.53,50.0,,,Vertex,2023-10-15 07:11:32.566934
20.3,1000.0,,,Vertex,2023-10-15 07:11:32.566934
18.9,773.0,,,Vertex,2023-10-15 07:11:32.566934
16.5,606.0,,,Vertex,2023-10-15 07:11:32.566934
21.887,228.0,21.888,228.0,Vertex,2023-10-15 08:15:46.271194
21.886,685.0,21.889,685.0,Vertex,2023-10-15 08:15:46.271194
21.885,1827.0,21.89,2084.0,Vertex,2023-10-15 08:15:46.271194
21.884,805.0,21.892,548.0,Vertex,2023-10-15 08:15:46.271194
21.876,4114.0,21.899,4109.0,Vertex,2023-10-15 08:15:46.271194
21.873,817.0,21.909,677.0,Vertex,2023-10-15 08:15:46.271194
21.866,816.0,21.913,2250.0,Vertex,2023-10-15 08:15:46.271194
21.864,2386.0,21.917,690.0,Vertex,2023-10-15 08:15:46.271194
21.86,4560.0,21.923,4560.0,Vertex,2023-10-15 08:15:46.271194
21.837,128.0,21.946,118.0,Vertex,2023-10-15 08:15:46.271194
21.8,229.0,21.976,114.0,Vertex,2023-10-15 08:15:46.271194
21.799,113.0,21.977,137.0,Vertex,2023-10-15 08:15:46.271194
21.6,462.5,25.0,5.0,Vertex,2023-10-15 08:15:46.271194
21.4,700.5,26.8,5.0,Vertex,2023-10-15 08:15:46.271194
20.53,50.0,,,Vertex,2023-10-15 08:15:46.271194
20.3,1000.0,,,Vertex,2023-10-15 08:15:46.271194
18.9,773.0,,,Vertex,2023-10-15 08:15:46.271194
16.5,606.0,,,Vertex,2023-10-15 08:15:46.271194
21.99,255.0,21.994,1204.0,Vertex,2023-10-15 09:12:12.824869
21.989,227.0,21.996,936.0,Vertex,2023-10-15 09:12:12.824869
21.986,1227.0,21.997,1818.0,Vertex,2023-10-15 09:12:12.824869
21.985,1819.0,22.002,545.0,Vertex,2023-10-15 09:12:12.824869
21.983,817.0,22.008,4089.0,Vertex,2023-10-15 09:12:12.824869
21.978,4094.0,22.018,2250.0,Vertex,2023-10-15 09:12:12.824869
21.973,816.0,22.02,677.0,Vertex,2023-10-15 09:12:12.824869
21.968,136.0,22.027,690.0,Vertex,2023-10-15 09:12:12.824869
21.966,4549.0,22.037,4549.0,Vertex,2023-10-15 09:12:12.824869
21.951,2250.0,22.052,117.5,Vertex,2023-10-15 09:12:12.824869
21.94,127.5,22.08,113.5,Vertex,2023-10-15 09:12:12.824869
21.904,113.0,25.0,5.0,Vertex,2023-10-15 09:12:12.824869
21.8,229.0,26.8,5.0,Vertex,2023-10-15 09:12:12.824869
21.6,462.5,,,Vertex,2023-10-15 09:12:12.824869
21.4,700.5,,,Vertex,2023-10-15 09:12:12.824869
20.53,50.0,,,Vertex,2023-10-15 09:12:12.824869
20.3,1000.0,,,Vertex,2023-10-15 09:12:12.824869
18.9,773.0,,,Vertex,2023-10-15 09:12:12.824869
16.5,606.0,,,Vertex,2023-10-15 09:12:12.824869
21.919,228.0,21.921,228.0,Vertex,2023-10-15 10:13:29.863703
21.918,256.0,21.923,684.0,Vertex,2023-10-15 10:13:29.863703
21.917,684.0,21.924,1824.0,Vertex,2023-10-15 10:13:29.863703
21.916,1825.0,21.925,803.0,Vertex,2023-10-15 10:13:29.863703
21.914,547.0,21.931,4103.0,Vertex,2023-10-15 10:13:29.863703
21.911,817.0,21.946,2250.0,Vertex,2023-10-15 10:13:29.863703
21.906,4108.0,21.947,677.0,Vertex,2023-10-15 10:13:29.863703
21.903,816.0,21.954,690.0,Vertex,2023-10-15 10:13:29.863703
21.897,6809.0,21.961,4559.0,Vertex,2023-10-15 10:13:29.863703
21.891,136.0,21.978,118.0,Vertex,2023-10-15 10:13:29.863703
21.868,128.0,22.008,114.0,Vertex,2023-10-15 10:13:29.863703
21.832,113.0,25.0,5.0,Vertex,2023-10-15 10:13:29.863703
21.8,229.0,26.8,5.0,Vertex,2023-10-15 10:13:29.863703
21.6,462.5,,,Vertex,2023-10-15 10:13:29.863703
21.4,700.5,,,Vertex,2023-10-15 10:13:29.863703
20.53,50.0,,,Vertex,2023-10-15 10:13:29.863703
20.3,1000.0,,,Vertex,2023-10-15 10:13:29.863703
18.9,773.0,,,Vertex,2023-10-15 10:13:29.863703
16.5,606.0,,,Vertex,2023-10-15 10:13:29.863703
21.888,256.0,21.895,256.0,Vertex,2023-10-15 11:10:27.395948
21.884,548.0,21.898,548.0,Vertex,2023-10-15 11:10:27.395948
21.882,817.0,21.918,677.0,Vertex,2023-10-15 11:10:27.395948
21.874,816.0,21.925,690.0,Vertex,2023-10-15 11:10:27.395948
21.87,137.0,21.927,4566.0,Vertex,2023-10-15 11:10:27.395948
21.869,2250.0,21.935,2250.0,Vertex,2023-10-15 11:10:27.395948
21.868,4566.0,21.952,118.0,Vertex,2023-10-15 11:10:27.395948
21.838,128.0,21.979,114.0,Vertex,2023-10-15 11:10:27.395948
21.804,113.0,25.0,5.0,Vertex,2023-10-15 11:10:27.395948
21.8,229.0,26.8,5.0,Vertex,2023-10-15 11:10:27.395948
21.6,462.5,,,Vertex,2023-10-15 11:10:27.395948
21.4,700.5,,,Vertex,2023-10-15 11:10:27.395948
20.53,50.0,,,Vertex,2023-10-15 11:10:27.395948
20.3,1000.0,,,Vertex,2023-10-15 11:10:27.395948
18.9,773.0,,,Vertex,2023-10-15 11:10:27.395948
16.5,606.0,,,Vertex,2023-10-15 11:10:27.395948
21.807,916.0,21.808,257.0,Vertex,2023-10-15 12:24:40.241819
21.806,1834.0,21.81,229.0,Vertex,2023-10-15 12:24:40.241819
21.801,257.0,21.812,687.0,Vertex,2023-10-15 12:24:40.241819
21.8,550.0,21.813,1833.0,Vertex,2023-10-15 12:24:40.241819
21.798,817.0,21.815,550.0,Vertex,2023-10-15 12:24:40.241819
21.796,4129.0,21.821,4124.0,Vertex,2023-10-15 12:24:40.241819
21.788,816.0,21.834,677.0,Vertex,2023-10-15 12:24:40.241819
21.787,137.0,21.837,2250.0,Vertex,2023-10-15 12:24:40.241819
21.784,4584.0,21.839,690.0,Vertex,2023-10-15 12:24:40.241819
21.775,2250.0,21.847,4584.0,Vertex,2023-10-15 12:24:40.241819
21.757,128.5,21.865,118.5,Vertex,2023-10-15 12:24:40.241819
21.72,114.0,21.895,114.5,Vertex,2023-10-15 12:24:40.241819
21.7,460.5,21.896,137.0,Vertex,2023-10-15 12:24:40.241819
21.6,462.5,25.0,5.0,Vertex,2023-10-15 12:24:40.241819
21.4,700.5,26.8,5.0,Vertex,2023-10-15 12:24:40.241819
20.53,50.0,,,Vertex,2023-10-15 12:24:40.241819
20.3,1000.0,,,Vertex,2023-10-15 12:24:40.241819
18.9,773.0,,,Vertex,2023-10-15 12:24:40.241819
16.5,606.0,,,Vertex,2023-10-15 12:24:40.241819
21.808,487.0,21.812,229.0,Vertex,2023-10-15 13:14:30.204176
21.806,687.0,21.813,258.0,Vertex,2023-10-15 13:14:30.204176
21.805,1834.0,21.814,687.0,Vertex,2023-10-15 13:14:30.204176
21.804,551.0,21.815,551.0,Vertex,2023-10-15 13:14:30.204176
21.799,4128.0,21.816,1833.0,Vertex,2023-10-15 13:14:30.204176
21.793,816.0,21.826,4123.0,Vertex,2023-10-15 13:14:30.204176
21.789,4591.0,21.835,2250.0,Vertex,2023-10-15 13:14:30.204176
21.787,137.0,21.838,677.0,Vertex,2023-10-15 13:14:30.204176
21.779,2250.0,21.844,690.0,Vertex,2023-10-15 13:14:30.204176
21.759,128.5,21.851,4591.0,Vertex,2023-10-15 13:14:30.204176
21.722,114.0,21.87,118.5,Vertex,2023-10-15 13:14:30.204176
21.7,460.5,21.897,114.5,Vertex,2023-10-15 13:14:30.204176
21.6,462.5,25.0,5.0,Vertex,2023-10-15 13:14:30.204176
21.4,700.5,26.8,5.0,Vertex,2023-10-15 13:14:30.204176
21.12,72.5,,,Vertex,2023-10-15 13:14:30.204176
20.53,50.0,,,Vertex,2023-10-15 13:14:30.204176
20.3,1000.0,,,Vertex,2023-10-15 13:14:30.204176
18.9,773.0,,,Vertex,2023-10-15 13:14:30.204176
16.5,606.0,,,Vertex,2023-10-15 13:14:30.204176
21.808,487.0,21.812,258.0,Vertex,2023-10-15 14:11:23.917081
21.806,687.0,21.814,229.0,Vertex,2023-10-15 14:11:23.917081
21.805,1834.0,21.816,551.0,Vertex,2023-10-15 14:11:23.917081
21.804,551.0,21.817,687.0,Vertex,2023-10-15 14:11:23.917081
21.795,4129.0,21.818,1833.0,Vertex,2023-10-15 14:11:23.917081
21.792,817.0,21.824,4124.0,Vertex,2023-10-15 14:11:23.917081
21.784,5411.0,21.829,677.0,Vertex,2023-10-15 14:11:23.917081
21.78,137.0,21.834,2250.0,Vertex,2023-10-15 14:11:23.917081
21.767,2250.0,21.837,690.0,Vertex,2023-10-15 14:11:23.917081
21.758,128.5,21.844,4594.0,Vertex,2023-10-15 14:11:23.917081
21.722,114.0,21.869,118.5,Vertex,2023-10-15 14:11:23.917081
21.7,460.5,21.898,114.5,Vertex,2023-10-15 14:11:23.917081
21.6,462.5,25.0,5.0,Vertex,2023-10-15 14:11:23.917081
21.4,700.5,26.8,5.0,Vertex,2023-10-15 14:11:23.917081
21.12,72.5,,,Vertex,2023-10-15 14:11:23.917081
20.53,50.0,,,Vertex,2023-10-15 14:11:23.917081
20.3,1000.0,,,Vertex,2023-10-15 14:11:23.917081
18.9,773.0,,,Vertex,2023-10-15 14:11:23.917081
16.5,606.0,,,Vertex,2023-10-15 14:11:23.917081
21.688,489.0,21.689,230.0,Vertex,2023-10-15 15:12:23.682302
21.686,691.0,21.692,950.0,Vertex,2023-10-15 15:12:23.682302
21.685,2397.0,21.693,1843.0,Vertex,2023-10-15 15:12:23.682302
21.675,4152.0,21.698,553.0,Vertex,2023-10-15 15:12:23.682302
21.674,805.0,21.703,4147.0,Vertex,2023-10-15 15:12:23.682302
21.666,808.0,21.709,687.0,Vertex,2023-10-15 15:12:23.682302
21.663,4612.0,21.713,2250.0,Vertex,2023-10-15 15:12:23.682302
21.658,2250.0,21.717,700.0,Vertex,2023-10-15 15:12:23.682302
21.657,138.0,21.719,4612.0,Vertex,2023-10-15 15:12:23.682302
21.638,129.0,21.746,119.5,Vertex,2023-10-15 15:12:23.682302
21.602,114.0,21.776,115.0,Vertex,2023-10-15 15:12:23.682302
21.6,462.5,25.0,5.0,Vertex,2023-10-15 15:12:23.682302
21.4,700.5,26.8,5.0,Vertex,2023-10-15 15:12:23.682302
21.12,72.5,,,Vertex,2023-10-15 15:12:23.682302
20.53,50.0,,,Vertex,2023-10-15 15:12:23.682302
20.3,1000.0,,,Vertex,2023-10-15 15:12:23.682302
18.9,773.0,,,Vertex,2023-10-15 15:12:23.682302
16.5,606.0,,,Vertex,2023-10-15 15:12:23.682302
21.731,230.0,21.734,230.0,Vertex,2023-10-15 16:16:02.147642
21.729,948.0,21.735,2530.0,Vertex,2023-10-15 16:16:02.147642
21.728,1840.0,21.742,552.0,Vertex,2023-10-15 16:16:02.147642
21.727,552.0,21.745,4138.0,Vertex,2023-10-15 16:16:02.147642
21.719,4143.0,21.747,687.0,Vertex,2023-10-15 16:16:02.147642
21.712,805.0,21.754,700.0,Vertex,2023-10-15 16:16:02.147642
21.708,2250.0,21.756,2250.0,Vertex,2023-10-15 16:16:02.147642
21.704,946.0,21.759,4602.0,Vertex,2023-10-15 16:16:02.147642
21.7,4602.0,21.791,119.0,Vertex,2023-10-15 16:16:02.147642
21.68,129.0,21.82,252.5,Vertex,2023-10-15 16:16:02.147642
21.646,114.0,25.0,5.0,Vertex,2023-10-15 16:16:02.147642
21.6,462.5,26.8,5.0,Vertex,2023-10-15 16:16:02.147642
21.5,5.0,,,Vertex,2023-10-15 16:16:02.147642
21.4,700.5,,,Vertex,2023-10-15 16:16:02.147642
21.12,72.5,,,Vertex,2023-10-15 16:16:02.147642
20.53,50.0,,,Vertex,2023-10-15 16:16:02.147642
20.3,1000.0,,,Vertex,2023-10-15 16:16:02.147642
18.9,773.0,,,Vertex,2023-10-15 16:16:02.147642
16.5,606.0,,,Vertex,2023-10-15 16:16:02.147642
21.799,487.0,21.801,229.0,Vertex,2023-10-15 17:11:58.001953
21.797,3073.0,21.802,688.0,Vertex,2023-10-15 17:11:58.001953
21.789,4130.0,21.804,1834.0,Vertex,2023-10-15 17:11:58.001953
21.787,805.0,21.806,258.0,Vertex,2023-10-15 17:11:58.001953
21.785,4590.0,21.808,550.0,Vertex,2023-10-15 17:11:58.001953
21.78,808.0,21.813,4126.0,Vertex,2023-10-15 17:11:58.001953
21.778,2250.0,21.823,687.0,Vertex,2023-10-15 17:11:58.001953
21.776,137.0,21.826,2250.0,Vertex,2023-10-15 17:11:58.001953
21.749,128.5,21.83,700.0,Vertex,2023-10-15 17:11:58.001953
21.713,114.0,21.845,4590.0,Vertex,2023-10-15 17:11:58.001953
21.6,462.5,21.858,118.5,Vertex,2023-10-15 17:11:58.001953
21.5,5.0,21.888,114.5,Vertex,2023-10-15 17:11:58.001953
21.4,700.5,25.0,5.0,Vertex,2023-10-15 17:11:58.001953
21.12,72.5,26.8,5.0,Vertex,2023-10-15 17:11:58.001953
20.53,50.0,,,Vertex,2023-10-15 17:11:58.001953
20.3,1000.0,,,Vertex,2023-10-15 17:11:58.001953
18.9,773.0,,,Vertex,2023-10-15 17:11:58.001953
16.5,606.0,,,Vertex,2023-10-15 17:11:58.001953
21.88,228.0,21.881,228.0,Vertex,2023-10-15 18:16:40.633310
21.879,2770.0,21.882,685.0,Vertex,2023-10-15 18:16:40.633310
21.875,548.0,21.883,1827.0,Vertex,2023-10-15 18:16:40.633310
21.87,4115.0,21.884,257.0,Vertex,2023-10-15 18:16:40.633310
21.862,817.0,21.89,548.0,Vertex,2023-10-15 18:16:40.633310
21.857,137.0,21.892,4111.0,Vertex,2023-10-15 18:16:40.633310
21.854,4569.0,21.898,677.0,Vertex,2023-10-15 18:16:40.633310
21.853,816.0,21.904,690.0,Vertex,2023-10-15 18:16:40.633310
21.839,2250.0,21.906,2250.0,Vertex,2023-10-15 18:16:40.633310
21.83,128.0,21.916,4569.0,Vertex,2023-10-15 18:16:40.633310
21.793,113.0,21.938,118.5,Vertex,2023-10-15 18:16:40.633310
21.6,462.5,21.968,114.0,Vertex,2023-10-15 18:16:40.633310
21.5,5.0,21.97,137.0,Vertex,2023-10-15 18:16:40.633310
21.4,700.5,25.0,5.0,Vertex,2023-10-15 18:16:40.633310
21.12,72.5,26.8,5.0,Vertex,2023-10-15 18:16:40.633310
20.53,50.0,,,Vertex,2023-10-15 18:16:40.633310
20.3,1000.0,,,Vertex,2023-10-15 18:16:40.633310
18.9,773.0,,,Vertex,2023-10-15 18:16:40.633310
16.5,606.0,,,Vertex,2023-10-15 18:16:40.633310
21.966,227.0,21.967,483.0,Vertex,2023-10-15 19:10:18.820203
21.963,682.0,21.968,682.0,Vertex,2023-10-15 19:10:18.820203
21.962,2077.0,21.969,2366.0,Vertex,2023-10-15 19:10:18.820203
21.956,546.0,21.978,4095.0,Vertex,2023-10-15 19:10:18.820203
21.955,4099.0,21.987,2927.0,Vertex,2023-10-15 19:10:18.820203
21.95,817.0,21.991,690.0,Vertex,2023-10-15 19:10:18.820203
21.948,4553.0,22.002,4553.0,Vertex,2023-10-15 19:10:18.820203
21.947,136.0,22.024,118.0,Vertex,2023-10-15 19:10:18.820203
21.94,816.0,22.054,113.5,Vertex,2023-10-15 19:10:18.820203
21.938,2250.0,22.056,136.0,Vertex,2023-10-15 19:10:18.820203
21.916,127.5,25.0,5.0,Vertex,2023-10-15 19:10:18.820203
21.878,113.0,26.8,5.0,Vertex,2023-10-15 19:10:18.820203
21.6,462.5,,,Vertex,2023-10-15 19:10:18.820203
21.5,5.0,,,Vertex,2023-10-15 19:10:18.820203
21.4,700.5,,,Vertex,2023-10-15 19:10:18.820203
21.12,72.5,,,Vertex,2023-10-15 19:10:18.820203
20.53,50.0,,,Vertex,2023-10-15 19:10:18.820203
20.3,1000.0,,,Vertex,2023-10-15 19:10:18.820203
18.9,773.0,,,Vertex,2023-10-15 19:10:18.820203
16.5,606.0,,,Vertex,2023-10-15 19:10:18.820203
21.853,228.0,21.854,228.0,Vertex,2023-10-15 20:13:27.531345
21.851,686.0,21.855,943.0,Vertex,2023-10-15 20:13:27.531345
21.85,1830.0,21.856,1830.0,Vertex,2023-10-15 20:13:27.531345
21.847,257.0,21.857,548.0,Vertex,2023-10-15 20:13:27.531345
21.846,548.0,21.863,4116.0,Vertex,2023-10-15 20:13:27.531345
21.842,4120.0,21.872,677.0,Vertex,2023-10-15 20:13:27.531345
21.836,817.0,21.876,2250.0,Vertex,2023-10-15 20:13:27.531345
21.835,4573.0,21.877,690.0,Vertex,2023-10-15 20:13:27.531345
21.83,137.0,21.896,4573.0,Vertex,2023-10-15 20:13:27.531345
21.827,2250.0,21.91,118.5,Vertex,2023-10-15 20:13:27.531345
21.826,816.0,21.941,114.0,Vertex,2023-10-15 20:13:27.531345
21.802,128.0,21.942,137.0,Vertex,2023-10-15 20:13:27.531345
21.765,113.0,25.0,5.0,Vertex,2023-10-15 20:13:27.531345
21.6,462.5,26.8,5.0,Vertex,2023-10-15 20:13:27.531345
21.5,5.0,,,Vertex,2023-10-15 20:13:27.531345
21.4,700.5,,,Vertex,2023-10-15 20:13:27.531345
21.12,72.5,,,Vertex,2023-10-15 20:13:27.531345
20.53,50.0,,,Vertex,2023-10-15 20:13:27.531345
20.3,1000.0,,,Vertex,2023-10-15 20:13:27.531345
18.9,773.0,,,Vertex,2023-10-15 20:13:27.531345
16.5,606.0,,,Vertex,2023-10-15 20:13:27.531345
21.969,255.0,21.975,255.0,Vertex,2023-10-15 21:11:20.278188
21.966,1227.0,21.983,1227.0,Vertex,2023-10-15 21:11:20.278188
21.964,1821.0,21.984,677.0,Vertex,2023-10-15 21:11:20.278188
21.953,4099.0,21.985,1819.0,Vertex,2023-10-15 21:11:20.278188
21.948,127.5,21.99,677.0,Vertex,2023-10-15 21:11:20.278188
21.947,3203.0,21.998,4091.0,Vertex,2023-10-15 21:11:20.278188
21.938,816.0,22.003,2250.0,Vertex,2023-10-15 21:11:20.278188
21.937,4545.0,22.006,4545.0,Vertex,2023-10-15 21:11:20.278188
21.919,127.5,22.032,118.0,Vertex,2023-10-15 21:11:20.278188
21.884,113.5,22.06,136.0,Vertex,2023-10-15 21:11:20.278188
21.6,462.5,22.066,113.5,Vertex,2023-10-15 21:11:20.278188
21.52,45.5,22.408,45.0,Vertex,2023-10-15 21:11:20.278188
21.5,5.0,25.0,5.0,Vertex,2023-10-15 21:11:20.278188
21.4,700.5,26.8,5.0,Vertex,2023-10-15 21:11:20.278188
21.12,72.5,,,Vertex,2023-10-15 21:11:20.278188
20.53,50.0,,,Vertex,2023-10-15 21:11:20.278188
20.3,1000.0,,,Vertex,2023-10-15 21:11:20.278188
18.9,773.0,,,Vertex,2023-10-15 21:11:20.278188
16.5,606.0,,,Vertex,2023-10-15 21:11:20.278188
22.014,227.0,22.024,743.0,Vertex,2023-10-15 22:12:12.367608
22.012,254.0,22.027,770.0,Vertex,2023-10-15 22:12:12.367608
22.011,543.0,22.031,747.0,Vertex,2023-10-15 22:12:12.367608
22.005,681.0,22.032,680.0,Vertex,2023-10-15 22:12:12.367608
22.001,1818.0,22.033,1815.0,Vertex,2023-10-15 22:12:12.367608
21.992,135.0,22.043,4529.0,Vertex,2023-10-15 22:12:12.367608
21.991,6342.0,22.048,4082.0,Vertex,2023-10-15 22:12:12.367608
21.987,752.0,22.058,2250.0,Vertex,2023-10-15 22:12:12.367608
21.98,759.0,22.081,117.5,Vertex,2023-10-15 22:12:12.367608
21.977,4529.0,22.106,135.0,Vertex,2023-10-15 22:12:12.367608
21.963,127.0,22.107,113.5,Vertex,2023-10-15 22:12:12.367608
21.928,113.5,22.444,45.0,Vertex,2023-10-15 22:12:12.367608
21.6,462.5,25.0,5.0,Vertex,2023-10-15 22:12:12.367608
21.563,45.0,26.8,5.0,Vertex,2023-10-15 22:12:12.367608
21.5,5.0,,,Vertex,2023-10-15 22:12:12.367608
21.4,700.5,,,Vertex,2023-10-15 22:12:12.367608
21.12,72.5,,,Vertex,2023-10-15 22:12:12.367608
20.53,50.0,,,Vertex,2023-10-15 22:12:12.367608
20.3,1000.0,,,Vertex,2023-10-15 22:12:12.367608
18.9,773.0,,,Vertex,2023-10-15 22:12:12.367608
16.5,606.0,,,Vertex,2023-10-15 22:12:12.367608
21.885,228.0,21.889,228.0,Vertex,2023-10-15 23:13:14.260889
21.884,257.0,21.893,685.0,Vertex,2023-10-15 23:13:14.260889
21.882,548.0,21.895,1826.0,Vertex,2023-10-15 23:13:14.260889
21.875,1828.0,21.897,548.0,Vertex,2023-10-15 23:13:14.260889
21.872,137.0,21.9,743.0,Vertex,2023-10-15 23:13:14.260889
21.864,2250.0,21.906,4108.0,Vertex,2023-10-15 23:13:14.260889
21.863,4116.0,21.909,747.0,Vertex,2023-10-15 23:13:14.260889
21.859,752.0,21.922,4571.0,Vertex,2023-10-15 23:13:14.260889
21.851,4571.0,21.93,2250.0,Vertex,2023-10-15 23:13:14.260889
21.85,759.0,21.946,118.0,Vertex,2023-10-15 23:13:14.260889
21.834,128.0,21.98,114.0,Vertex,2023-10-15 23:13:14.260889
21.8,114.0,22.296,45.5,Vertex,2023-10-15 23:13:14.260889
21.6,462.5,25.0,5.0,Vertex,2023-10-15 23:13:14.260889
21.5,5.0,26.8,5.0,Vertex,2023-10-15 23:13:14.260889
21.42,45.5,,,Vertex,2023-10-15 23:13:14.260889
21.4,700.5,,,Vertex,2023-10-15 23:13:14.260889
21.12,72.5,,,Vertex,2023-10-15 23:13:14.260889
20.53,50.0,,,Vertex,2023-10-15 23:13:14.260889
20.3,1000.0,,,Vertex,2023-10-15 23:13:14.260889
18.9,773.0,,,Vertex,2023-10-15 23:13:14.260889
16.5,606.0,,,Vertex,2023-10-15 23:13:14.260889
21.997,227.0,21.998,227.0,Vertex,2023-10-16 01:01:42.022254
21.995,681.0,22.0,681.0,Vertex,2023-10-16 01:01:42.022254
21.994,2073.0,22.001,1818.0,Vertex,2023-10-16 01:01:42.022254
21.992,545.0,22.01,743.0,Vertex,2023-10-16 01:01:42.022254
21.985,4093.0,22.011,4088.0,Vertex,2023-10-16 01:01:42.022254
21.974,752.0,22.012,545.0,Vertex,2023-10-16 01:01:42.022254
21.973,2250.0,22.02,747.0,Vertex,2023-10-16 01:01:42.022254
21.972,136.0,22.023,2250.0,Vertex,2023-10-16 01:01:42.022254
21.968,759.0,22.031,4544.0,Vertex,2023-10-16 01:01:42.022254
21.958,4544.0,22.055,117.5,Vertex,2023-10-16 01:01:42.022254
21.946,127.5,22.086,113.5,Vertex,2023-10-16 01:01:42.022254
21.909,113.5,22.087,136.0,Vertex,2023-10-16 01:01:42.022254
21.6,462.5,22.423,45.0,Vertex,2023-10-16 01:01:42.022254
21.546,45.0,25.0,5.0,Vertex,2023-10-16 01:01:42.022254
21.5,5.0,26.8,5.0,Vertex,2023-10-16 01:01:42.022254
21.4,700.5,,,Vertex,2023-10-16 01:01:42.022254
21.12,72.5,,,Vertex,2023-10-16 01:01:42.022254
20.53,50.0,,,Vertex,2023-10-16 01:01:42.022254
20.3,1000.0,,,Vertex,2023-10-16 01:01:42.022254
18.9,773.0,,,Vertex,2023-10-16 01:01:42.022254
16.5,606.0,,,Vertex,2023-10-16 01:01:42.022254
22.207,793.0,22.208,900.0,Vertex,2023-10-16 02:22:51.064599
22.204,225.0,22.209,1801.0,Vertex,2023-10-16 02:22:51.064599
22.203,675.0,22.211,253.0,Vertex,2023-10-16 02:22:51.064599
22.202,1801.0,22.22,4590.0,Vertex,2023-10-16 02:22:51.064599
22.193,4055.0,22.227,772.0,Vertex,2023-10-16 02:22:51.064599
22.19,723.0,22.235,774.0,Vertex,2023-10-16 02:22:51.064599
22.186,135.0,22.238,2250.0,Vertex,2023-10-16 02:22:51.064599
22.185,731.0,22.246,4504.0,Vertex,2023-10-16 02:22:51.064599
22.183,4504.0,22.265,116.5,Vertex,2023-10-16 02:22:51.064599
22.167,2250.0,22.297,112.5,Vertex,2023-10-16 02:22:51.064599
22.157,126.0,22.649,45.0,Vertex,2023-10-16 02:22:51.064599
22.118,112.5,25.0,5.0,Vertex,2023-10-16 02:22:51.064599
21.754,45.0,26.8,5.0,Vertex,2023-10-16 02:22:51.064599
21.6,462.5,,,Vertex,2023-10-16 02:22:51.064599
21.4,700.5,,,Vertex,2023-10-16 02:22:51.064599
21.12,72.5,,,Vertex,2023-10-16 02:22:51.064599
20.53,50.0,,,Vertex,2023-10-16 02:22:51.064599
20.3,1000.0,,,Vertex,2023-10-16 02:22:51.064599
18.9,773.0,,,Vertex,2023-10-16 02:22:51.064599
16.5,606.0,,,Vertex,2023-10-16 02:22:51.064599
22.043,797.0,22.044,226.0,Vertex,2023-10-16 03:14:35.748648
22.042,226.0,22.045,680.0,Vertex,2023-10-16 03:14:35.748648
22.041,680.0,22.046,1814.0,Vertex,2023-10-16 03:14:35.748648
22.04,1814.0,22.05,254.0,Vertex,2023-10-16 03:14:35.748648
22.031,4085.0,22.056,4080.0,Vertex,2023-10-16 03:14:35.748648
22.026,135.0,22.058,543.0,Vertex,2023-10-16 03:14:35.748648
22.023,723.0,22.059,772.0,Vertex,2023-10-16 03:14:35.748648
22.02,4532.0,22.067,774.0,Vertex,2023-10-16 03:14:35.748648
22.015,731.0,22.071,6782.0,Vertex,2023-10-16 03:14:35.748648
22.004,2250.0,22.101,117.5,Vertex,2023-10-16 03:14:35.748648
21.993,127.0,22.134,113.0,Vertex,2023-10-16 03:14:35.748648
21.956,113.0,22.483,45.0,Vertex,2023-10-16 03:14:35.748648
21.6,507.5,25.0,5.0,Vertex,2023-10-16 03:14:35.748648
21.4,700.5,26.8,5.0,Vertex,2023-10-16 03:14:35.748648
21.12,72.5,,,Vertex,2023-10-16 03:14:35.748648
20.53,50.0,,,Vertex,2023-10-16 03:14:35.748648
20.3,1000.0,,,Vertex,2023-10-16 03:14:35.748648
18.9,773.0,,,Vertex,2023-10-16 03:14:35.748648
16.5,606.0,,,Vertex,2023-10-16 03:14:35.748648
22.121,226.0,22.125,254.0,Vertex,2023-10-16 04:16:36.401067
22.12,254.0,22.131,772.0,Vertex,2023-10-16 04:16:36.401067
22.116,1219.0,22.132,541.0,Vertex,2023-10-16 04:16:36.401067
22.113,1808.0,22.136,677.0,Vertex,2023-10-16 04:16:36.401067
22.105,4206.0,22.138,1806.0,Vertex,2023-10-16 04:16:36.401067
22.097,2250.0,22.139,774.0,Vertex,2023-10-16 04:16:36.401067
22.095,723.0,22.146,2250.0,Vertex,2023-10-16 04:16:36.401067
22.087,731.0,22.147,4516.0,Vertex,2023-10-16 04:16:36.401067
22.081,4516.0,22.148,4063.0,Vertex,2023-10-16 04:16:36.401067
22.071,126.5,22.183,117.0,Vertex,2023-10-16 04:16:36.401067
22.035,112.5,22.211,112.5,Vertex,2023-10-16 04:16:36.401067
21.679,45.0,22.213,135.0,Vertex,2023-10-16 04:16:36.401067
21.6,462.5,22.567,45.0,Vertex,2023-10-16 04:16:36.401067
21.4,700.5,25.0,5.0,Vertex,2023-10-16 04:16:36.401067
21.12,72.5,26.8,5.0,Vertex,2023-10-16 04:16:36.401067
20.53,50.0,,,Vertex,2023-10-16 04:16:36.401067
20.3,1000.0,,,Vertex,2023-10-16 04:16:36.401067
18.9,773.0,,,Vertex,2023-10-16 04:16:36.401067
16.5,606.0,,,Vertex,2023-10-16 04:16:36.401067
22.159,253.0,22.162,225.0,Vertex,2023-10-16 05:13:25.268985
22.158,766.0,22.163,676.0,Vertex,2023-10-16 05:13:25.268985
22.156,677.0,22.164,1804.0,Vertex,2023-10-16 05:13:25.268985
22.155,1805.0,22.165,253.0,Vertex,2023-10-16 05:13:25.268985
22.146,4063.0,22.171,4059.0,Vertex,2023-10-16 05:13:25.268985
22.138,2250.0,22.173,5780.0,Vertex,2023-10-16 05:13:25.268985
22.137,762.0,22.181,739.0,Vertex,2023-10-16 05:13:25.268985
22.135,135.0,22.206,2250.0,Vertex,2023-10-16 05:13:25.268985
22.128,768.0,22.22,117.0,Vertex,2023-10-16 05:13:25.268985
22.11,4508.0,22.25,112.5,Vertex,2023-10-16 05:13:25.268985
22.109,126.5,22.591,45.0,Vertex,2023-10-16 05:13:25.268985
22.071,112.5,25.0,5.0,Vertex,2023-10-16 05:13:25.268985
21.704,45.0,26.8,5.0,Vertex,2023-10-16 05:13:25.268985
21.6,462.5,,,Vertex,2023-10-16 05:13:25.268985
21.4,700.5,,,Vertex,2023-10-16 05:13:25.268985
21.12,72.5,,,Vertex,2023-10-16 05:13:25.268985
20.53,50.0,,,Vertex,2023-10-16 05:13:25.268985
20.3,1000.0,,,Vertex,2023-10-16 05:13:25.268985
18.9,773.0,,,Vertex,2023-10-16 05:13:25.268985
16.5,606.0,,,Vertex,2023-10-16 05:13:25.268985
22.597,247.0,22.604,663.0,Vertex,2023-10-16 06:19:16.568748
22.592,528.0,22.605,2016.0,Vertex,2023-10-16 06:19:16.568748
22.59,1770.0,22.609,528.0,Vertex,2023-10-16 06:19:16.568748
22.577,3986.0,22.614,4701.0,Vertex,2023-10-16 06:19:16.568748
22.573,773.0,22.619,4405.0,Vertex,2023-10-16 06:19:16.568748
22.569,2250.0,22.623,730.0,Vertex,2023-10-16 06:19:16.568748
22.563,776.0,22.626,2250.0,Vertex,2023-10-16 06:19:16.568748
22.556,132.0,22.662,114.5,Vertex,2023-10-16 06:19:16.568748
22.547,124.0,22.682,132.0,Vertex,2023-10-16 06:19:16.568748
22.544,4405.0,22.691,110.5,Vertex,2023-10-16 06:19:16.568748
22.506,110.5,23.049,44.0,Vertex,2023-10-16 06:19:16.568748
22.136,44.0,25.0,5.0,Vertex,2023-10-16 06:19:16.568748
21.12,72.5,26.8,5.0,Vertex,2023-10-16 06:19:16.568748
20.53,50.0,,,Vertex,2023-10-16 06:19:16.568748
20.3,1000.0,,,Vertex,2023-10-16 06:19:16.568748
18.9,773.0,,,Vertex,2023-10-16 06:19:16.568748
16.5,606.0,,,Vertex,2023-10-16 06:19:16.568748
22.528,221.0,22.532,249.0,Vertex,2023-10-16 07:13:18.743548
22.527,249.0,22.534,221.0,Vertex,2023-10-16 07:13:18.743548
22.526,1196.0,22.537,665.0,Vertex,2023-10-16 07:13:18.743548
22.525,1775.0,22.538,1774.0,Vertex,2023-10-16 07:13:18.743548
22.516,3996.0,22.542,531.0,Vertex,2023-10-16 07:13:18.743548
22.508,773.0,22.545,722.0,Vertex,2023-10-16 07:13:18.743548
22.505,2250.0,22.547,3991.0,Vertex,2023-10-16 07:13:18.743548
22.5,776.0,22.552,4432.0,Vertex,2023-10-16 07:13:18.743548
22.487,4564.0,22.553,730.0,Vertex,2023-10-16 07:13:18.743548
22.478,124.5,22.574,2250.0,Vertex,2023-10-16 07:13:18.743548
22.439,110.5,22.588,115.0,Vertex,2023-10-16 07:13:18.743548
22.076,44.0,22.619,132.0,Vertex,2023-10-16 07:13:18.743548
21.12,72.5,22.62,110.5,Vertex,2023-10-16 07:13:18.743548
20.53,50.0,22.978,44.0,Vertex,2023-10-16 07:13:18.743548
20.3,1000.0,25.0,5.0,Vertex,2023-10-16 07:13:18.743548
18.9,773.0,26.8,5.0,Vertex,2023-10-16 07:13:18.743548
16.5,606.0,,,Vertex,2023-10-16 07:13:18.743548
22.825,246.0,22.826,219.0,Vertex,2023-10-16 08:18:33.535622
22.824,219.0,22.828,657.0,Vertex,2023-10-16 08:18:33.535622
22.823,525.0,22.829,246.0,Vertex,2023-10-16 08:18:33.535622
22.822,657.0,22.83,1752.0,Vertex,2023-10-16 08:18:33.535622
22.82,1752.0,22.835,1216.0,Vertex,2023-10-16 08:18:33.535622
22.813,3945.0,22.84,3940.0,Vertex,2023-10-16 08:18:33.535622
22.798,804.0,22.845,5080.0,Vertex,2023-10-16 08:18:33.535622
22.789,802.0,22.851,2250.0,Vertex,2023-10-16 08:18:33.535622
22.787,131.0,22.883,113.5,Vertex,2023-10-16 08:18:33.535622
22.781,6627.0,22.918,131.0,Vertex,2023-10-16 08:18:33.535622
22.776,122.5,22.919,109.5,Vertex,2023-10-16 08:18:33.535622
22.735,109.5,23.267,43.5,Vertex,2023-10-16 08:18:33.535622
22.34,43.5,25.0,5.0,Vertex,2023-10-16 08:18:33.535622
21.12,72.5,26.8,5.0,Vertex,2023-10-16 08:18:33.535622
20.53,50.0,,,Vertex,2023-10-16 08:18:33.535622
20.3,1000.0,,,Vertex,2023-10-16 08:18:33.535622
18.9,773.0,,,Vertex,2023-10-16 08:18:33.535622
16.5,606.0,,,Vertex,2023-10-16 08:18:33.535622
22.696,220.0,22.698,247.0,Vertex,2023-10-16 09:15:01.275286
22.694,660.0,22.699,220.0,Vertex,2023-10-16 09:15:01.275286
22.692,2009.0,22.702,1188.0,Vertex,2023-10-16 09:15:01.275286
22.691,528.0,22.704,1761.0,Vertex,2023-10-16 09:15:01.275286
22.683,3967.0,22.708,691.0,Vertex,2023-10-16 09:15:01.275286
22.671,804.0,22.709,4405.0,Vertex,2023-10-16 09:15:01.275286
22.663,802.0,22.713,3962.0,Vertex,2023-10-16 09:15:01.275286
22.654,4405.0,22.716,703.0,Vertex,2023-10-16 09:15:01.275286
22.653,132.0,22.72,2250.0,Vertex,2023-10-16 09:15:01.275286
22.651,2250.0,22.755,114.0,Vertex,2023-10-16 09:15:01.275286
22.646,123.5,22.786,132.0,Vertex,2023-10-16 09:15:01.275286
22.605,110.0,22.789,110.0,Vertex,2023-10-16 09:15:01.275286
22.244,44.0,23.153,44.0,Vertex,2023-10-16 09:15:01.275286
21.12,72.5,25.0,5.0,Vertex,2023-10-16 09:15:01.275286
20.53,50.0,26.8,5.0,Vertex,2023-10-16 09:15:01.275286
20.3,1000.0,,,Vertex,2023-10-16 09:15:01.275286
18.9,773.0,,,Vertex,2023-10-16 09:15:01.275286
16.5,606.0,,,Vertex,2023-10-16 09:15:01.275286
22.909,245.0,22.914,218.0,Vertex,2023-10-16 10:15:33.145097
22.908,218.0,22.915,899.0,Vertex,2023-10-16 10:15:33.145097
22.906,654.0,22.916,1745.0,Vertex,2023-10-16 10:15:33.145097
22.905,1746.0,22.919,523.0,Vertex,2023-10-16 10:15:33.145097
22.902,523.0,22.921,5034.0,Vertex,2023-10-16 10:15:33.145097
22.894,3931.0,22.925,3925.0,Vertex,2023-10-16 10:15:33.145097
22.883,821.0,22.928,672.0,Vertex,2023-10-16 10:15:33.145097
22.875,824.0,22.937,2250.0,Vertex,2023-10-16 10:15:33.145097
22.872,130.0,22.972,113.0,Vertex,2023-10-16 10:15:33.145097
22.868,2250.0,23.003,130.0,Vertex,2023-10-16 10:15:33.145097
22.864,4362.0,23.004,109.0,Vertex,2023-10-16 10:15:33.145097
22.859,122.0,23.37,43.5,Vertex,2023-10-16 10:15:33.145097
22.82,109.0,25.0,5.0,Vertex,2023-10-16 10:15:33.145097
22.451,43.5,26.8,5.0,Vertex,2023-10-16 10:15:33.145097
21.12,72.5,,,Vertex,2023-10-16 10:15:33.145097
20.53,50.0,,,Vertex,2023-10-16 10:15:33.145097
20.3,1000.0,,,Vertex,2023-10-16 10:15:33.145097
18.9,773.0,,,Vertex,2023-10-16 10:15:33.145097
16.5,606.0,,,Vertex,2023-10-16 10:15:33.145097
22.997,217.0,22.998,217.0,Vertex,2023-10-16 11:12:11.027688
22.996,244.0,23.0,652.0,Vertex,2023-10-16 11:12:11.027688
22.995,652.0,23.001,1983.0,Vertex,2023-10-16 11:12:11.027688
22.994,1739.0,23.006,522.0,Vertex,2023-10-16 11:12:11.027688
22.992,522.0,23.007,668.0,Vertex,2023-10-16 11:12:11.027688
22.986,3915.0,23.008,4350.0,Vertex,2023-10-16 11:12:11.027688
22.969,826.0,23.009,3911.0,Vertex,2023-10-16 11:12:11.027688
22.96,824.0,23.014,682.0,Vertex,2023-10-16 11:12:11.027688
22.955,4350.0,23.024,2250.0,Vertex,2023-10-16 11:12:11.027688
22.954,2250.0,23.055,112.5,Vertex,2023-10-16 11:12:11.027688
22.953,130.0,23.084,130.0,Vertex,2023-10-16 11:12:11.027688
22.947,122.0,23.09,108.5,Vertex,2023-10-16 11:12:11.027688
22.906,108.5,23.442,43.5,Vertex,2023-10-16 11:12:11.027688
22.521,43.5,25.0,5.0,Vertex,2023-10-16 11:12:11.027688
21.12,72.5,26.8,5.0,Vertex,2023-10-16 11:12:11.027688
20.53,50.0,,,Vertex,2023-10-16 11:12:11.027688
20.3,1000.0,,,Vertex,2023-10-16 11:12:11.027688
18.9,773.0,,,Vertex,2023-10-16 11:12:11.027688
16.5,606.0,,,Vertex,2023-10-16 11:12:11.027688
23.112,216.0,23.117,459.0,Vertex,2023-10-16 12:28:06.628680
23.111,892.0,23.118,519.0,Vertex,2023-10-16 12:28:06.628680
23.11,2249.0,23.12,2378.0,Vertex,2023-10-16 12:28:06.628680
23.1,3896.0,23.125,668.0,Vertex,2023-10-16 12:28:06.628680
23.09,2250.0,23.13,3891.0,Vertex,2023-10-16 12:28:06.628680
23.084,826.0,23.133,682.0,Vertex,2023-10-16 12:28:06.628680
23.075,824.0,23.138,4325.0,Vertex,2023-10-16 12:28:06.628680
23.072,129.0,23.141,2250.0,Vertex,2023-10-16 12:28:06.628680
23.071,4325.0,23.175,112.0,Vertex,2023-10-16 12:28:06.628680
23.062,121.0,23.197,129.0,Vertex,2023-10-16 12:28:06.628680
23.023,108.0,23.213,108.0,Vertex,2023-10-16 12:28:06.628680
22.637,43.0,23.564,43.0,Vertex,2023-10-16 12:28:06.628680
21.12,72.5,25.0,5.0,Vertex,2023-10-16 12:28:06.628680
20.53,50.0,26.8,5.0,Vertex,2023-10-16 12:28:06.628680
20.3,1000.0,,,Vertex,2023-10-16 12:28:06.628680
18.9,773.0,,,Vertex,2023-10-16 12:28:06.628680
16.5,606.0,,,Vertex,2023-10-16 12:28:06.628680
23.324,454.0,23.329,214.0,Vertex,2023-10-16 13:18:29.679459
23.321,2358.0,23.33,908.0,Vertex,2023-10-16 13:18:29.679459
23.319,513.0,23.332,642.0,Vertex,2023-10-16 13:18:29.679459
23.314,3860.0,23.333,1714.0,Vertex,2023-10-16 13:18:29.679459
23.301,2250.0,23.335,1195.0,Vertex,2023-10-16 13:18:29.679459
23.292,826.0,23.344,3855.0,Vertex,2023-10-16 13:18:29.679459
23.281,824.0,23.348,4276.0,Vertex,2023-10-16 13:18:29.679459
23.278,128.0,23.354,2250.0,Vertex,2023-10-16 13:18:29.679459
23.274,120.0,23.387,111.0,Vertex,2023-10-16 13:18:29.679459
23.272,4276.0,23.415,128.0,Vertex,2023-10-16 13:18:29.679459
23.233,107.0,23.42,107.0,Vertex,2023-10-16 13:18:29.679459
22.845,42.5,23.774,42.5,Vertex,2023-10-16 13:18:29.679459
21.12,72.5,25.0,5.0,Vertex,2023-10-16 13:18:29.679459
20.53,50.0,26.8,5.0,Vertex,2023-10-16 13:18:29.679459
20.3,1000.0,,,Vertex,2023-10-16 13:18:29.679459
18.9,773.0,,,Vertex,2023-10-16 13:18:29.679459
16.5,606.0,,,Vertex,2023-10-16 13:18:29.679459
23.45,512.0,23.451,213.0,Vertex,2023-10-16 15:14:41.623064
23.449,240.0,23.453,639.0,Vertex,2023-10-16 15:14:41.623064
23.446,213.0,23.454,1945.0,Vertex,2023-10-16 15:14:41.623064
23.444,639.0,23.464,4785.0,Vertex,2023-10-16 15:14:41.623064
23.443,1706.0,23.465,3835.0,Vertex,2023-10-16 15:14:41.623064
23.435,3840.0,23.47,668.0,Vertex,2023-10-16 15:14:41.623064
23.431,826.0,23.478,2250.0,Vertex,2023-10-16 15:14:41.623064
23.423,824.0,23.479,682.0,Vertex,2023-10-16 15:14:41.623064
23.418,2250.0,23.486,128.0,Vertex,2023-10-16 15:14:41.623064
23.4,119.5,23.508,110.5,Vertex,2023-10-16 15:14:41.623064
23.397,4273.0,23.546,106.5,Vertex,2023-10-16 15:14:41.623064
23.361,128.0,23.927,42.5,Vertex,2023-10-16 15:14:41.623064
23.357,106.5,25.0,5.0,Vertex,2023-10-16 15:14:41.623064
22.986,42.5,26.8,5.0,Vertex,2023-10-16 15:14:41.623064
18.9,773.0,,,Vertex,2023-10-16 15:14:41.623064
16.5,606.0,,,Vertex,2023-10-16 15:14:41.623064
23.279,242.0,23.286,242.0,Vertex,2023-10-16 16:18:46.934695
23.277,516.0,23.29,644.0,Vertex,2023-10-16 16:18:46.934695
23.274,644.0,23.292,1717.0,Vertex,2023-10-16 16:18:46.934695
23.273,1718.0,23.293,516.0,Vertex,2023-10-16 16:18:46.934695
23.262,4694.0,23.302,3862.0,Vertex,2023-10-16 16:18:46.934695
23.252,824.0,23.303,4306.0,Vertex,2023-10-16 16:18:46.934695
23.238,2250.0,23.309,2918.0,Vertex,2023-10-16 16:18:46.934695
23.223,4306.0,23.317,129.0,Vertex,2023-10-16 16:18:46.934695
23.193,129.0,23.318,682.0,Vertex,2023-10-16 16:18:46.934695
23.187,107.0,23.343,111.0,Vertex,2023-10-16 16:18:46.934695
22.833,42.5,23.374,107.0,Vertex,2023-10-16 16:18:46.934695
18.9,773.0,23.771,42.5,Vertex,2023-10-16 16:18:46.934695
16.5,606.0,25.0,5.0,Vertex,2023-10-16 16:18:46.934695
,,26.8,5.0,Vertex,2023-10-16 16:18:46.934695
23.412,213.0,23.413,240.0,Vertex,2023-10-16 17:12:46.531058
23.409,640.0,23.415,213.0,Vertex,2023-10-16 17:12:46.531058
23.407,2222.0,23.419,514.0,Vertex,2023-10-16 17:12:46.531058
23.406,240.0,23.421,640.0,Vertex,2023-10-16 17:12:46.531058
23.395,3846.0,23.422,1707.0,Vertex,2023-10-16 17:12:46.531058
23.383,826.0,23.426,4283.0,Vertex,2023-10-16 17:12:46.531058
23.376,2250.0,23.431,668.0,Vertex,2023-10-16 17:12:46.531058
23.372,824.0,23.432,3840.0,Vertex,2023-10-16 17:12:46.531058
23.362,119.5,23.438,128.0,Vertex,2023-10-16 17:12:46.531058
23.359,4283.0,23.44,668.0,Vertex,2023-10-16 17:12:46.531058
23.32,128.0,23.442,2250.0,Vertex,2023-10-16 17:12:46.531058
23.319,106.5,23.471,110.5,Vertex,2023-10-16 17:12:46.531058
22.949,42.5,23.507,106.5,Vertex,2023-10-16 17:12:46.531058
18.9,773.0,23.893,42.5,Vertex,2023-10-16 17:12:46.531058
16.5,606.0,25.0,5.0,Vertex,2023-10-16 17:12:46.531058
,,26.8,5.0,Vertex,2023-10-16 17:12:46.531058
23.618,745.0,23.626,238.0,Vertex,2023-10-16 18:18:58.417875
23.615,635.0,23.633,6430.0,Vertex,2023-10-16 18:18:58.417875
23.614,1693.0,23.643,668.0,Vertex,2023-10-16 18:18:58.417875
23.599,3813.0,23.644,3806.0,Vertex,2023-10-16 18:18:58.417875
23.597,826.0,23.649,2250.0,Vertex,2023-10-16 18:18:58.417875
23.596,2250.0,23.652,682.0,Vertex,2023-10-16 18:18:58.417875
23.584,824.0,23.663,126.0,Vertex,2023-10-16 18:18:58.417875
23.568,118.5,23.683,109.5,Vertex,2023-10-16 18:18:58.417875
23.562,4231.0,23.715,105.5,Vertex,2023-10-16 18:18:58.417875
23.526,231.5,24.089,42.0,Vertex,2023-10-16 18:18:58.417875
23.148,42.0,25.0,5.0,Vertex,2023-10-16 18:18:58.417875
18.9,773.0,26.8,5.0,Vertex,2023-10-16 18:18:58.417875
16.5,606.0,,,Vertex,2023-10-16 18:18:58.417875
24.044,233.0,24.051,233.0,Vertex,2023-10-16 19:11:50.406968
24.043,498.0,24.058,1121.0,Vertex,2023-10-16 19:11:50.406968
24.036,624.0,24.062,1662.0,Vertex,2023-10-16 19:11:50.406968
24.032,1664.0,24.064,4153.0,Vertex,2023-10-16 19:11:50.406968
24.019,3746.0,24.065,668.0,Vertex,2023-10-16 19:11:50.406968
24.018,826.0,24.074,2250.0,Vertex,2023-10-16 19:11:50.406968
24.007,824.0,24.075,682.0,Vertex,2023-10-16 19:11:50.406968
24.001,2250.0,24.078,3737.0,Vertex,2023-10-16 19:11:50.406968
23.995,116.5,24.081,124.0,Vertex,2023-10-16 19:11:50.406968
23.981,4153.0,24.108,107.5,Vertex,2023-10-16 19:11:50.406968
23.951,124.0,24.143,103.5,Vertex,2023-10-16 19:11:50.406968
23.949,103.5,24.524,41.5,Vertex,2023-10-16 19:11:50.406968
23.562,41.5,25.0,5.0,Vertex,2023-10-16 19:11:50.406968
18.9,773.0,26.8,5.0,Vertex,2023-10-16 19:11:50.406968
16.5,606.0,,,Vertex,2023-10-16 19:11:50.406968
23.983,208.0,23.99,442.0,Vertex,2023-10-16 20:15:19.915915
23.982,734.0,23.994,1667.0,Vertex,2023-10-16 20:15:19.915915
23.976,1668.0,23.995,625.0,Vertex,2023-10-16 20:15:19.915915
23.963,3755.0,23.998,500.0,Vertex,2023-10-16 20:15:19.915915
23.958,3076.0,24.005,3749.0,Vertex,2023-10-16 20:15:19.915915
23.946,824.0,24.01,4174.0,Vertex,2023-10-16 20:15:19.915915
23.932,4290.5,24.012,2250.0,Vertex,2023-10-16 20:15:19.915915
23.893,229.0,24.013,668.0,Vertex,2023-10-16 20:15:19.915915
23.481,41.5,24.02,125.0,Vertex,2023-10-16 20:15:19.915915
18.9,773.0,24.023,682.0,Vertex,2023-10-16 20:15:19.915915
16.5,606.0,24.047,108.0,Vertex,2023-10-16 20:15:19.915915
,,24.083,104.0,Vertex,2023-10-16 20:15:19.915915
,,24.455,41.5,Vertex,2023-10-16 20:15:19.915915
,,25.0,5.0,Vertex,2023-10-16 20:15:19.915915
,,26.8,5.0,Vertex,2023-10-16 20:15:19.915915
23.669,211.0,23.674,211.0,Vertex,2023-10-16 21:12:43.295472
23.663,1964.0,23.679,633.0,Vertex,2023-10-16 21:12:43.295472
23.661,1690.0,23.68,742.0,Vertex,2023-10-16 21:12:43.295472
23.653,824.0,23.682,1689.0,Vertex,2023-10-16 21:12:43.295472
23.65,3805.0,23.692,3798.0,Vertex,2023-10-16 21:12:43.295472
23.649,2250.0,23.703,2250.0,Vertex,2023-10-16 21:12:43.295472
23.633,4216.0,23.708,4216.0,Vertex,2023-10-16 21:12:43.295472
23.578,126.0,23.71,668.0,Vertex,2023-10-16 21:12:43.295472
23.573,105.5,23.717,126.0,Vertex,2023-10-16 21:12:43.295472
23.197,42.0,23.719,682.0,Vertex,2023-10-16 21:12:43.295472
23.0,200.0,23.731,109.5,Vertex,2023-10-16 21:12:43.295472
21.2,600.0,23.771,105.5,Vertex,2023-10-16 21:12:43.295472
18.9,773.0,24.16,42.0,Vertex,2023-10-16 21:12:43.295472
16.5,606.0,25.0,5.0,Vertex,2023-10-16 21:12:43.295472
,,26.8,5.0,Vertex,2023-10-16 21:12:43.295472
24.017,208.0,24.02,234.0,Vertex,2023-10-16 22:13:05.315291
24.015,624.0,24.023,1123.0,Vertex,2023-10-16 22:13:05.315291
24.014,1665.0,24.025,1664.0,Vertex,2023-10-16 22:13:05.315291
24.011,234.0,24.036,3744.0,Vertex,2023-10-16 22:13:05.315291
24.007,499.0,24.04,4166.0,Vertex,2023-10-16 22:13:05.315291
24.005,826.0,24.045,668.0,Vertex,2023-10-16 22:13:05.315291
24.004,3749.0,24.053,682.0,Vertex,2023-10-16 22:13:05.315291
23.997,826.0,24.057,124.0,Vertex,2023-10-16 22:13:05.315291
23.989,2250.0,24.062,2250.0,Vertex,2023-10-16 22:13:05.315291
23.981,4166.0,24.077,107.5,Vertex,2023-10-16 22:13:05.315291
23.967,116.5,24.113,104.0,Vertex,2023-10-16 22:13:05.315291
23.921,124.0,24.499,41.5,Vertex,2023-10-16 22:13:05.315291
23.915,104.0,25.0,5.0,Vertex,2023-10-16 22:13:05.315291
23.535,41.5,26.8,5.0,Vertex,2023-10-16 22:13:05.315291
23.0,200.0,,,Vertex,2023-10-16 22:13:05.315291
21.2,600.0,,,Vertex,2023-10-16 22:13:05.315291
18.9,773.0,,,Vertex,2023-10-16 22:13:05.315291
16.5,606.0,,,Vertex,2023-10-16 22:13:05.315291
24.089,207.0,24.091,233.0,Vertex,2023-10-16 23:13:43.465619
24.086,233.0,24.092,207.0,Vertex,2023-10-16 23:13:43.465619
24.083,622.0,24.096,498.0,Vertex,2023-10-16 23:13:43.465619
24.082,1660.0,24.097,622.0,Vertex,2023-10-16 23:13:43.465619
24.081,498.0,24.099,1659.0,Vertex,2023-10-16 23:13:43.465619
24.079,826.0,24.109,3733.0,Vertex,2023-10-16 23:13:43.465619
24.073,3738.0,24.12,792.0,Vertex,2023-10-16 23:13:43.465619
24.069,824.0,24.123,4152.0,Vertex,2023-10-16 23:13:43.465619
24.061,2250.0,24.129,682.0,Vertex,2023-10-16 23:13:43.465619
24.046,4152.0,24.135,2250.0,Vertex,2023-10-16 23:13:43.465619
24.039,116.0,24.148,107.5,Vertex,2023-10-16 23:13:43.465619
23.995,103.5,24.189,103.5,Vertex,2023-10-16 23:13:43.465619
23.994,124.0,24.564,41.5,Vertex,2023-10-16 23:13:43.465619
23.89,1202.5,25.0,5.0,Vertex,2023-10-16 23:13:43.465619
23.61,41.5,26.8,5.0,Vertex,2023-10-16 23:13:43.465619
23.5,1144.5,,,Vertex,2023-10-16 23:13:43.465619
23.3,1428.5,,,Vertex,2023-10-16 23:13:43.465619
23.0,200.0,,,Vertex,2023-10-16 23:13:43.465619
21.2,600.0,,,Vertex,2023-10-16 23:13:43.465619
18.9,773.0,,,Vertex,2023-10-16 23:13:43.465619
16.5,606.0,,,Vertex,2023-10-16 23:13:43.465619
23.814,209.0,23.817,236.0,Vertex,2023-10-17 01:00:56.914644
23.812,629.0,23.818,209.0,Vertex,2023-10-17 01:00:56.914644
23.811,1679.0,23.819,503.0,Vertex,2023-10-17 01:00:56.914644
23.81,236.0,23.821,629.0,Vertex,2023-10-17 01:00:56.914644
23.805,503.0,23.822,1679.0,Vertex,2023-10-17 01:00:56.914644
23.8,3781.0,23.83,3776.0,Vertex,2023-10-17 01:00:56.914644
23.796,826.0,23.838,668.0,Vertex,2023-10-17 01:00:56.914644
23.785,824.0,23.841,4198.0,Vertex,2023-10-17 01:00:56.914644
23.781,2250.0,23.844,682.0,Vertex,2023-10-17 01:00:56.914644
23.769,4198.0,23.848,125.0,Vertex,2023-10-17 01:00:56.914644
23.764,117.5,23.851,2250.0,Vertex,2023-10-17 01:00:56.914644
23.721,125.0,23.873,108.5,Vertex,2023-10-17 01:00:56.914644
23.72,104.5,23.911,104.5,Vertex,2023-10-17 01:00:56.914644
23.5,1144.5,24.315,41.5,Vertex,2023-10-17 01:00:56.914644
23.343,41.5,25.0,5.0,Vertex,2023-10-17 01:00:56.914644
23.3,1428.5,26.8,5.0,Vertex,2023-10-17 01:00:56.914644
23.0,200.0,,,Vertex,2023-10-17 01:00:56.914644
21.2,600.0,,,Vertex,2023-10-17 01:00:56.914644
18.9,773.0,,,Vertex,2023-10-17 01:00:56.914644
16.5,606.0,,,Vertex,2023-10-17 01:00:56.914644
24.054,207.0,24.059,233.0,Vertex,2023-10-17 02:21:26.489756
24.053,233.0,24.061,207.0,Vertex,2023-10-17 02:21:26.489756
24.048,623.0,24.062,498.0,Vertex,2023-10-17 02:21:26.489756
24.047,1663.0,24.068,623.0,Vertex,2023-10-17 02:21:26.489756
24.044,498.0,24.071,1661.0,Vertex,2023-10-17 02:21:26.489756
24.041,826.0,24.082,4149.0,Vertex,2023-10-17 02:21:26.489756
24.034,3744.0,24.083,3737.0,Vertex,2023-10-17 02:21:26.489756
24.031,824.0,24.09,2250.0,Vertex,2023-10-17 02:21:26.489756
24.029,2250.0,24.101,124.0,Vertex,2023-10-17 02:21:26.489756
24.022,4149.0,24.116,107.5,Vertex,2023-10-17 02:21:26.489756
24.004,116.5,24.134,110.0,Vertex,2023-10-17 02:21:26.489756
23.965,124.0,24.153,103.5,Vertex,2023-10-17 02:21:26.489756
23.96,103.5,24.58,41.5,Vertex,2023-10-17 02:21:26.489756
23.592,41.5,25.0,5.0,Vertex,2023-10-17 02:21:26.489756
23.5,1144.5,26.8,5.0,Vertex,2023-10-17 02:21:26.489756
23.3,1428.5,,,Vertex,2023-10-17 02:21:26.489756
23.0,200.0,,,Vertex,2023-10-17 02:21:26.489756
21.2,600.0,,,Vertex,2023-10-17 02:21:26.489756
18.9,773.0,,,Vertex,2023-10-17 02:21:26.489756
16.5,606.0,,,Vertex,2023-10-17 02:21:26.489756
24.082,233.0,24.086,622.0,Vertex,2023-10-17 03:14:09.830238
24.081,207.0,24.087,1660.0,Vertex,2023-10-17 03:14:09.830238
24.08,622.0,24.091,233.0,Vertex,2023-10-17 03:14:09.830238
24.079,1661.0,24.092,498.0,Vertex,2023-10-17 03:14:09.830238
24.072,498.0,24.098,3734.0,Vertex,2023-10-17 03:14:09.830238
24.071,3738.0,24.114,2250.0,Vertex,2023-10-17 03:14:09.830238
24.06,824.0,24.121,4154.0,Vertex,2023-10-17 03:14:09.830238
24.052,4154.0,24.124,124.0,Vertex,2023-10-17 03:14:09.830238
24.041,2250.0,24.143,107.5,Vertex,2023-10-17 03:14:09.830238
24.032,116.5,24.159,110.0,Vertex,2023-10-17 03:14:09.830238
23.993,124.0,24.181,103.5,Vertex,2023-10-17 03:14:09.830238
23.988,103.5,24.582,41.5,Vertex,2023-10-17 03:14:09.830238
23.611,41.5,25.0,5.0,Vertex,2023-10-17 03:14:09.830238
23.5,1144.5,26.8,5.0,Vertex,2023-10-17 03:14:09.830238
23.3,1428.5,,,Vertex,2023-10-17 03:14:09.830238
23.0,200.0,,,Vertex,2023-10-17 03:14:09.830238
21.2,600.0,,,Vertex,2023-10-17 03:14:09.830238
18.9,773.0,,,Vertex,2023-10-17 03:14:09.830238
16.5,606.0,,,Vertex,2023-10-17 03:14:09.830238
23.998,234.0,24.003,500.0,Vertex,2023-10-17 04:16:39.078458
23.986,500.0,24.006,234.0,Vertex,2023-10-17 04:16:39.078458
23.977,826.0,24.01,2290.0,Vertex,2023-10-17 04:16:39.078458
23.976,2250.0,24.019,3747.0,Vertex,2023-10-17 04:16:39.078458
23.965,824.0,24.029,6421.0,Vertex,2023-10-17 04:16:39.078458
23.955,4171.0,24.043,125.0,Vertex,2023-10-17 04:16:39.078458
23.948,116.5,24.06,108.0,Vertex,2023-10-17 04:16:39.078458
23.904,229.0,24.071,110.0,Vertex,2023-10-17 04:16:39.078458
23.5,1144.5,24.096,104.0,Vertex,2023-10-17 04:16:39.078458
23.496,41.5,24.466,41.5,Vertex,2023-10-17 04:16:39.078458
23.3,1428.5,25.0,5.0,Vertex,2023-10-17 04:16:39.078458
23.0,200.0,26.8,5.0,Vertex,2023-10-17 04:16:39.078458
21.2,600.0,,,Vertex,2023-10-17 04:16:39.078458
18.9,773.0,,,Vertex,2023-10-17 04:16:39.078458
16.5,606.0,,,Vertex,2023-10-17 04:16:39.078458
24.037,233.0,24.043,233.0,Vertex,2023-10-17 05:12:46.893776
24.034,1664.0,24.044,498.0,Vertex,2023-10-17 05:12:46.893776
24.03,498.0,24.056,3741.0,Vertex,2023-10-17 05:12:46.893776
24.028,826.0,24.067,2250.0,Vertex,2023-10-17 05:12:46.893776
24.024,3746.0,24.068,4150.0,Vertex,2023-10-17 05:12:46.893776
24.02,824.0,24.084,124.0,Vertex,2023-10-17 05:12:46.893776
24.008,4150.0,24.1,107.5,Vertex,2023-10-17 05:12:46.893776
23.994,2250.0,24.118,110.0,Vertex,2023-10-17 05:12:46.893776
23.987,116.5,24.138,104.0,Vertex,2023-10-17 05:12:46.893776
23.948,124.0,24.533,41.5,Vertex,2023-10-17 05:12:46.893776
23.946,104.0,25.0,5.0,Vertex,2023-10-17 05:12:46.893776
23.568,41.5,26.8,5.0,Vertex,2023-10-17 05:12:46.893776
23.5,1144.5,,,Vertex,2023-10-17 05:12:46.893776
23.3,1428.5,,,Vertex,2023-10-17 05:12:46.893776
23.0,200.0,,,Vertex,2023-10-17 05:12:46.893776
21.2,600.0,,,Vertex,2023-10-17 05:12:46.893776
18.9,773.0,,,Vertex,2023-10-17 05:12:46.893776
16.5,606.0,,,Vertex,2023-10-17 05:12:46.893776
23.828,235.0,23.829,209.0,Vertex,2023-10-17 06:19:09.710431
23.819,503.0,23.832,738.0,Vertex,2023-10-17 06:19:09.710431
23.815,629.0,23.836,629.0,Vertex,2023-10-17 06:19:09.710431
23.812,1679.0,23.837,1678.0,Vertex,2023-10-17 06:19:09.710431
23.803,2250.0,23.853,3773.0,Vertex,2023-10-17 06:19:09.710431
23.799,3781.0,23.857,2250.0,Vertex,2023-10-17 06:19:09.710431
23.787,4191.0,23.875,4316.0,Vertex,2023-10-17 06:19:09.710431
23.778,117.5,23.876,2250.0,Vertex,2023-10-17 06:19:09.710431
23.737,125.0,23.886,108.5,Vertex,2023-10-17 06:19:09.710431
23.735,104.5,23.932,104.5,Vertex,2023-10-17 06:19:09.710431
23.5,1144.5,24.362,41.5,Vertex,2023-10-17 06:19:09.710431
23.404,41.5,25.0,5.0,Vertex,2023-10-17 06:19:09.710431
23.3,1428.5,26.8,5.0,Vertex,2023-10-17 06:19:09.710431
23.0,200.0,,,Vertex,2023-10-17 06:19:09.710431
21.2,600.0,,,Vertex,2023-10-17 06:19:09.710431
18.9,773.0,,,Vertex,2023-10-17 06:19:09.710431
16.5,606.0,,,Vertex,2023-10-17 06:19:09.710431
23.961,208.0,23.965,442.0,Vertex,2023-10-17 07:13:25.597592
23.957,234.0,23.969,500.0,Vertex,2023-10-17 07:13:25.597592
23.956,626.0,23.97,625.0,Vertex,2023-10-17 07:13:25.597592
23.955,1669.0,23.972,1668.0,Vertex,2023-10-17 07:13:25.597592
23.948,1326.0,23.981,3752.0,Vertex,2023-10-17 07:13:25.597592
23.945,3758.0,23.986,4172.0,Vertex,2023-10-17 07:13:25.597592
23.94,824.0,23.988,125.0,Vertex,2023-10-17 07:13:25.597592
23.936,2250.0,23.989,2250.0,Vertex,2023-10-17 07:13:25.597592
23.918,4172.0,24.022,108.0,Vertex,2023-10-17 07:13:25.597592
23.911,117.0,24.039,110.0,Vertex,2023-10-17 07:13:25.597592
23.867,104.0,24.059,104.0,Vertex,2023-10-17 07:13:25.597592
23.866,125.0,24.434,41.5,Vertex,2023-10-17 07:13:25.597592
23.5,1144.5,25.0,5.0,Vertex,2023-10-17 07:13:25.597592
23.477,41.5,26.8,5.0,Vertex,2023-10-17 07:13:25.597592
23.3,1428.5,,,Vertex,2023-10-17 07:13:25.597592
23.0,200.0,,,Vertex,2023-10-17 07:13:25.597592
21.2,600.0,,,Vertex,2023-10-17 07:13:25.597592
18.9,773.0,,,Vertex,2023-10-17 07:13:25.597592
16.5,606.0,,,Vertex,2023-10-17 07:13:25.597592
24.069,207.0,24.072,207.0,Vertex,2023-10-17 08:18:34.102666
24.067,233.0,24.073,233.0,Vertex,2023-10-17 08:18:34.102666
24.065,1662.0,24.074,497.0,Vertex,2023-10-17 08:18:34.102666
24.06,497.0,24.078,622.0,Vertex,2023-10-17 08:18:34.102666
24.055,3741.0,24.079,1661.0,Vertex,2023-10-17 08:18:34.102666
24.054,826.0,24.09,3736.0,Vertex,2023-10-17 08:18:34.102666
24.045,824.0,24.097,2250.0,Vertex,2023-10-17 08:18:34.102666
24.029,4142.0,24.103,4142.0,Vertex,2023-10-17 08:18:34.102666
24.024,2250.0,24.105,124.0,Vertex,2023-10-17 08:18:34.102666
24.022,116.5,24.129,107.5,Vertex,2023-10-17 08:18:34.102666
23.975,124.0,24.145,110.0,Vertex,2023-10-17 08:18:34.102666
23.609,41.5,24.169,103.5,Vertex,2023-10-17 08:18:34.102666
23.5,1144.5,24.564,41.5,Vertex,2023-10-17 08:18:34.102666
23.3,1428.5,25.0,5.0,Vertex,2023-10-17 08:18:34.102666
23.0,200.0,26.8,5.0,Vertex,2023-10-17 08:18:34.102666
21.2,600.0,,,Vertex,2023-10-17 08:18:34.102666
18.9,773.0,,,Vertex,2023-10-17 08:18:34.102666
16.5,606.0,,,Vertex,2023-10-17 08:18:34.102666
24.377,230.0,24.38,205.0,Vertex,2023-10-17 09:14:16.675572
24.376,205.0,24.382,845.0,Vertex,2023-10-17 09:14:16.675572
24.375,615.0,24.383,1640.0,Vertex,2023-10-17 09:14:16.675572
24.373,1641.0,24.384,491.0,Vertex,2023-10-17 09:14:16.675572
24.368,3693.0,24.393,3689.0,Vertex,2023-10-17 09:14:16.675572
24.366,491.0,24.41,4217.0,Vertex,2023-10-17 09:14:16.675572
24.352,2250.0,24.411,2250.0,Vertex,2023-10-17 09:14:16.675572
24.328,4095.0,24.437,106.0,Vertex,2023-10-17 09:14:16.675572
24.327,115.0,24.477,102.5,Vertex,2023-10-17 09:14:16.675572
24.282,122.0,24.868,41.0,Vertex,2023-10-17 09:14:16.675572
24.281,102.5,25.0,5.0,Vertex,2023-10-17 09:14:16.675572
23.901,41.0,26.8,5.0,Vertex,2023-10-17 09:14:16.675572
23.5,1144.5,,,Vertex,2023-10-17 09:14:16.675572
23.3,1428.5,,,Vertex,2023-10-17 09:14:16.675572
23.0,200.0,,,Vertex,2023-10-17 09:14:16.675572
18.9,773.0,,,Vertex,2023-10-17 09:14:16.675572
16.5,606.0,,,Vertex,2023-10-17 09:14:16.675572
24.407,230.0,24.414,230.0,Vertex,2023-10-17 10:15:11.728593
24.402,491.0,24.416,491.0,Vertex,2023-10-17 10:15:11.728593
24.399,826.0,24.419,614.0,Vertex,2023-10-17 10:15:11.728593
24.395,3689.0,24.42,1638.0,Vertex,2023-10-17 10:15:11.728593
24.388,824.0,24.429,3684.0,Vertex,2023-10-17 10:15:11.728593
24.385,2250.0,24.451,4214.0,Vertex,2023-10-17 10:15:11.728593
24.38,4092.0,24.46,2250.0,Vertex,2023-10-17 10:15:11.728593
24.357,114.5,24.47,106.0,Vertex,2023-10-17 10:15:11.728593
24.318,122.0,24.49,110.0,Vertex,2023-10-17 10:15:11.728593
24.312,102.0,24.508,102.0,Vertex,2023-10-17 10:15:11.728593
23.924,40.5,24.907,40.5,Vertex,2023-10-17 10:15:11.728593
23.5,1144.5,25.0,5.0,Vertex,2023-10-17 10:15:11.728593
23.3,1428.5,26.8,5.0,Vertex,2023-10-17 10:15:11.728593
23.0,200.0,,,Vertex,2023-10-17 10:15:11.728593
20.89,200.0,,,Vertex,2023-10-17 10:15:11.728593
18.9,773.0,,,Vertex,2023-10-17 10:15:11.728593
16.5,606.0,,,Vertex,2023-10-17 10:15:11.728593
24.234,232.0,24.239,495.0,Vertex,2023-10-17 11:11:54.309136
24.233,206.0,24.241,438.0,Vertex,2023-10-17 11:11:54.309136
24.229,619.0,24.247,618.0,Vertex,2023-10-17 11:11:54.309136
24.228,1650.0,24.25,1649.0,Vertex,2023-10-17 11:11:54.309136
24.227,1321.0,24.258,3710.0,Vertex,2023-10-17 11:11:54.309136
24.217,824.0,24.264,2250.0,Vertex,2023-10-17 11:11:54.309136
24.214,3716.0,24.269,123.0,Vertex,2023-10-17 11:11:54.309136
24.21,2250.0,24.275,4131.0,Vertex,2023-10-17 11:11:54.309136
24.199,4131.0,24.296,107.0,Vertex,2023-10-17 11:11:54.309136
24.184,115.5,24.32,110.0,Vertex,2023-10-17 11:11:54.309136
24.139,103.0,24.334,103.0,Vertex,2023-10-17 11:11:54.309136
24.138,123.0,24.65,100.0,Vertex,2023-10-17 11:11:54.309136
23.753,41.0,24.709,41.0,Vertex,2023-10-17 11:11:54.309136
23.5,1144.5,25.0,5.0,Vertex,2023-10-17 11:11:54.309136
23.3,1428.5,26.8,5.0,Vertex,2023-10-17 11:11:54.309136
23.0,200.0,,,Vertex,2023-10-17 11:11:54.309136
20.89,200.0,,,Vertex,2023-10-17 11:11:54.309136
18.9,773.0,,,Vertex,2023-10-17 11:11:54.309136
16.5,606.0,,,Vertex,2023-10-17 11:11:54.309136
24.104,207.0,24.107,233.0,Vertex,2023-10-17 12:27:33.777620
24.101,855.0,24.108,704.0,Vertex,2023-10-17 12:27:33.777620
24.1,1659.0,24.113,622.0,Vertex,2023-10-17 12:27:33.777620
24.095,497.0,24.115,1658.0,Vertex,2023-10-17 12:27:33.777620
24.092,826.0,24.126,3730.0,Vertex,2023-10-17 12:27:33.777620
24.088,3736.0,24.13,2250.0,Vertex,2023-10-17 12:27:33.777620
24.083,824.0,24.141,4142.0,Vertex,2023-10-17 12:27:33.777620
24.069,6392.0,24.142,124.0,Vertex,2023-10-17 12:27:33.777620
24.054,116.0,24.165,107.5,Vertex,2023-10-17 12:27:33.777620
24.011,227.5,24.183,110.0,Vertex,2023-10-17 12:27:33.777620
23.628,41.0,24.204,103.5,Vertex,2023-10-17 12:27:33.777620
23.5,1144.5,24.4,50.0,Vertex,2023-10-17 12:27:33.777620
23.3,1428.5,24.596,41.0,Vertex,2023-10-17 12:27:33.777620
23.0,200.0,24.65,100.0,Vertex,2023-10-17 12:27:33.777620
20.89,200.0,25.0,5.0,Vertex,2023-10-17 12:27:33.777620
18.9,773.0,25.16,80.0,Vertex,2023-10-17 12:27:33.777620
16.5,606.0,26.8,5.0,Vertex,2023-10-17 12:27:33.777620
23.984,208.0,23.986,234.0,Vertex,2023-10-17 13:17:54.948688
23.978,859.0,23.988,500.0,Vertex,2023-10-17 13:17:54.948688
23.977,1668.0,23.99,208.0,Vertex,2023-10-17 13:17:54.948688
23.975,500.0,23.996,625.0,Vertex,2023-10-17 13:17:54.948688
23.973,826.0,23.997,1666.0,Vertex,2023-10-17 13:17:54.948688
23.965,3755.0,24.007,3749.0,Vertex,2023-10-17 13:17:54.948688
23.964,824.0,24.009,2250.0,Vertex,2023-10-17 13:17:54.948688
23.956,4172.0,24.024,125.0,Vertex,2023-10-17 13:17:54.948688
23.948,2250.0,24.025,4172.0,Vertex,2023-10-17 13:17:54.948688
23.934,116.5,24.044,108.0,Vertex,2023-10-17 13:17:54.948688
23.888,125.0,24.064,110.0,Vertex,2023-10-17 13:17:54.948688
23.886,104.0,24.078,104.0,Vertex,2023-10-17 13:17:54.948688
23.517,41.5,24.4,50.0,Vertex,2023-10-17 13:17:54.948688
23.5,1144.5,24.482,41.5,Vertex,2023-10-17 13:17:54.948688
23.3,1428.5,24.65,100.0,Vertex,2023-10-17 13:17:54.948688
23.0,200.0,25.0,5.0,Vertex,2023-10-17 13:17:54.948688
20.89,200.0,25.16,80.0,Vertex,2023-10-17 13:17:54.948688
18.9,773.0,26.8,5.0,Vertex,2023-10-17 13:17:54.948688
16.5,606.0,,,Vertex,2023-10-17 13:17:54.948688
23.747,631.0,23.756,236.0,Vertex,2023-10-17 14:12:56.332914
23.745,1684.0,23.76,504.0,Vertex,2023-10-17 14:12:56.332914
23.74,504.0,23.779,2250.0,Vertex,2023-10-17 14:12:56.332914
23.739,3791.0,23.792,4329.0,Vertex,2023-10-17 14:12:56.332914
23.731,824.0,23.806,117.5,Vertex,2023-10-17 14:12:56.332914
23.725,4203.0,23.831,110.0,Vertex,2023-10-17 14:12:56.332914
23.719,2250.0,23.847,105.0,Vertex,2023-10-17 14:12:56.332914
23.69,109.5,24.237,42.0,Vertex,2023-10-17 14:12:56.332914
23.659,126.0,24.4,50.0,Vertex,2023-10-17 14:12:56.332914
23.656,105.0,24.65,100.0,Vertex,2023-10-17 14:12:56.332914
23.3,1428.5,25.0,5.0,Vertex,2023-10-17 14:12:56.332914
23.282,42.0,25.16,80.0,Vertex,2023-10-17 14:12:56.332914
23.0,200.0,26.8,5.0,Vertex,2023-10-17 14:12:56.332914
20.89,200.0,,,Vertex,2023-10-17 14:12:56.332914
18.9,773.0,,,Vertex,2023-10-17 14:12:56.332914
16.5,606.0,,,Vertex,2023-10-17 14:12:56.332914
24.066,207.0,24.068,235.0,Vertex,2023-10-17 15:14:42.201136
24.063,235.0,24.07,207.0,Vertex,2023-10-17 15:14:42.201136
24.062,623.0,24.074,501.0,Vertex,2023-10-17 15:14:42.201136
24.06,2163.0,24.076,623.0,Vertex,2023-10-17 15:14:42.201136
24.05,826.0,24.077,1661.0,Vertex,2023-10-17 15:14:42.201136
24.046,3742.0,24.089,3736.0,Vertex,2023-10-17 15:14:42.201136
24.04,2250.0,24.094,2250.0,Vertex,2023-10-17 15:14:42.201136
24.039,824.0,24.096,125.0,Vertex,2023-10-17 15:14:42.201136
24.035,4179.0,24.112,4179.0,Vertex,2023-10-17 15:14:42.201136
24.01,108.0,24.118,116.0,Vertex,2023-10-17 15:14:42.201136
23.972,125.0,24.146,110.0,Vertex,2023-10-17 15:14:42.201136
23.97,103.5,24.164,103.5,Vertex,2023-10-17 15:14:42.201136
23.6,41.5,24.4,50.0,Vertex,2023-10-17 15:14:42.201136
23.3,1428.5,24.542,41.5,Vertex,2023-10-17 15:14:42.201136
23.0,200.0,24.65,100.0,Vertex,2023-10-17 15:14:42.201136
20.89,200.0,25.0,5.0,Vertex,2023-10-17 15:14:42.201136
18.9,773.0,26.8,5.0,Vertex,2023-10-17 15:14:42.201136
16.5,606.0,,,Vertex,2023-10-17 15:14:42.201136
24.05,234.0,24.052,207.0,Vertex,2023-10-17 16:18:31.394272
24.045,207.0,24.054,234.0,Vertex,2023-10-17 16:18:31.394272
24.043,500.0,24.056,623.0,Vertex,2023-10-17 16:18:31.394272
24.041,623.0,24.058,1662.0,Vertex,2023-10-17 16:18:31.394272
24.04,826.0,24.06,500.0,Vertex,2023-10-17 16:18:31.394272
24.039,1663.0,24.071,3739.0,Vertex,2023-10-17 16:18:31.394272
24.031,824.0,24.079,2250.0,Vertex,2023-10-17 16:18:31.394272
24.028,7914.0,24.089,125.0,Vertex,2023-10-17 16:18:31.394272
24.006,2250.0,24.094,4169.0,Vertex,2023-10-17 16:18:31.394272
23.993,108.0,24.102,116.0,Vertex,2023-10-17 16:18:31.394272
23.956,125.0,24.132,110.0,Vertex,2023-10-17 16:18:31.394272
23.955,103.5,24.149,103.5,Vertex,2023-10-17 16:18:31.394272
23.88,80.0,24.4,50.0,Vertex,2023-10-17 16:18:31.394272
23.568,41.5,24.526,41.5,Vertex,2023-10-17 16:18:31.394272
23.3,1428.5,24.65,100.0,Vertex,2023-10-17 16:18:31.394272
23.0,200.0,25.0,5.0,Vertex,2023-10-17 16:18:31.394272
20.89,200.0,26.8,5.0,Vertex,2023-10-17 16:18:31.394272
18.9,773.0,,,Vertex,2023-10-17 16:18:31.394272
16.5,606.0,,,Vertex,2023-10-17 16:18:31.394272
24.255,230.0,24.258,206.0,Vertex,2023-10-17 17:12:26.971184
24.252,206.0,24.261,230.0,Vertex,2023-10-17 17:12:26.971184
24.25,492.0,24.265,492.0,Vertex,2023-10-17 17:12:26.971184
24.246,618.0,24.266,618.0,Vertex,2023-10-17 17:12:26.971184
24.242,1649.0,24.269,1648.0,Vertex,2023-10-17 17:12:26.971184
24.234,826.0,24.281,3706.0,Vertex,2023-10-17 17:12:26.971184
24.229,3714.0,24.284,2250.0,Vertex,2023-10-17 17:12:26.971184
24.225,824.0,24.293,123.0,Vertex,2023-10-17 17:12:26.971184
24.221,4101.0,24.298,4101.0,Vertex,2023-10-17 17:12:26.971184
24.21,2250.0,24.308,115.0,Vertex,2023-10-17 17:12:26.971184
24.198,107.0,24.33,110.0,Vertex,2023-10-17 17:12:26.971184
24.161,103.0,24.355,103.0,Vertex,2023-10-17 17:12:26.971184
24.16,123.0,24.4,50.0,Vertex,2023-10-17 17:12:26.971184
23.88,80.0,24.65,100.0,Vertex,2023-10-17 17:12:26.971184
23.775,41.0,24.745,41.0,Vertex,2023-10-17 17:12:26.971184
23.3,1428.5,25.0,5.0,Vertex,2023-10-17 17:12:26.971184
23.0,200.0,26.8,5.0,Vertex,2023-10-17 17:12:26.971184
20.89,200.0,,,Vertex,2023-10-17 17:12:26.971184
18.9,773.0,,,Vertex,2023-10-17 17:12:26.971184
16.5,606.0,,,Vertex,2023-10-17 17:12:26.971184
24.076,207.0,24.077,207.0,Vertex,2023-10-17 18:19:00.583025
24.074,623.0,24.079,622.0,Vertex,2023-10-17 18:19:00.583025
24.073,1661.0,24.08,1661.0,Vertex,2023-10-17 18:19:00.583025
24.072,233.0,24.081,233.0,Vertex,2023-10-17 18:19:00.583025
24.071,498.0,24.084,498.0,Vertex,2023-10-17 18:19:00.583025
24.066,826.0,24.09,3735.0,Vertex,2023-10-17 18:19:00.583025
24.065,3739.0,24.104,2250.0,Vertex,2023-10-17 18:19:00.583025
24.063,4157.0,24.113,124.0,Vertex,2023-10-17 18:19:00.583025
24.057,824.0,24.127,4273.0,Vertex,2023-10-17 18:19:00.583025
24.038,2250.0,24.156,110.0,Vertex,2023-10-17 18:19:00.583025
24.019,108.0,24.176,103.5,Vertex,2023-10-17 18:19:00.583025
23.988,124.0,24.4,50.0,Vertex,2023-10-17 18:19:00.583025
23.983,103.5,24.573,41.5,Vertex,2023-10-17 18:19:00.583025
23.622,41.0,24.65,100.0,Vertex,2023-10-17 18:19:00.583025
23.3,1428.5,25.0,5.0,Vertex,2023-10-17 18:19:00.583025
23.0,200.0,26.8,5.0,Vertex,2023-10-17 18:19:00.583025
20.89,200.0,,,Vertex,2023-10-17 18:19:00.583025
18.9,773.0,,,Vertex,2023-10-17 18:19:00.583025
16.5,606.0,,,Vertex,2023-10-17 18:19:00.583025
23.988,208.0,23.991,234.0,Vertex,2023-10-17 19:11:09.630942
23.985,234.0,23.993,208.0,Vertex,2023-10-17 19:11:09.630942
23.983,625.0,23.996,500.0,Vertex,2023-10-17 19:11:09.630942
23.98,1668.0,23.998,625.0,Vertex,2023-10-17 19:11:09.630942
23.978,500.0,24.001,1666.0,Vertex,2023-10-17 19:11:09.630942
23.976,826.0,24.012,3748.0,Vertex,2023-10-17 19:11:09.630942
23.966,4579.0,24.023,125.0,Vertex,2023-10-17 19:11:09.630942
23.964,2250.0,24.036,2250.0,Vertex,2023-10-17 19:11:09.630942
23.962,4170.0,24.042,116.0,Vertex,2023-10-17 19:11:09.630942
23.931,108.5,24.044,4170.0,Vertex,2023-10-17 19:11:09.630942
23.898,125.0,24.07,110.0,Vertex,2023-10-17 19:11:09.630942
23.893,104.0,24.085,104.0,Vertex,2023-10-17 19:11:09.630942
23.525,41.5,24.4,50.0,Vertex,2023-10-17 19:11:09.630942
23.3,1428.5,24.491,41.5,Vertex,2023-10-17 19:11:09.630942
23.0,200.0,24.65,100.0,Vertex,2023-10-17 19:11:09.630942
20.89,200.0,25.0,5.0,Vertex,2023-10-17 19:11:09.630942
18.9,773.0,26.8,5.0,Vertex,2023-10-17 19:11:09.630942
16.5,606.0,,,Vertex,2023-10-17 19:11:09.630942
24.094,829.0,24.095,233.0,Vertex,2023-10-17 20:14:32.379625
24.093,1660.0,24.099,704.0,Vertex,2023-10-17 20:14:32.379625
24.088,233.0,24.101,622.0,Vertex,2023-10-17 20:14:32.379625
24.084,3736.0,24.102,1659.0,Vertex,2023-10-17 20:14:32.379625
24.083,497.0,24.109,3733.0,Vertex,2023-10-17 20:14:32.379625
24.08,826.0,24.12,2250.0,Vertex,2023-10-17 20:14:32.379625
24.073,4972.0,24.128,4272.0,Vertex,2023-10-17 20:14:32.379625
24.066,2250.0,24.145,115.5,Vertex,2023-10-17 20:14:32.379625
24.036,108.0,24.171,110.0,Vertex,2023-10-17 20:14:32.379625
24.003,124.0,24.191,103.5,Vertex,2023-10-17 20:14:32.379625
23.998,103.5,24.4,50.0,Vertex,2023-10-17 20:14:32.379625
23.618,41.5,24.582,41.5,Vertex,2023-10-17 20:14:32.379625
23.3,1428.5,24.65,100.0,Vertex,2023-10-17 20:14:32.379625
23.2,200.0,25.0,5.0,Vertex,2023-10-17 20:14:32.379625
20.89,200.0,26.8,5.0,Vertex,2023-10-17 20:14:32.379625
18.9,773.0,,,Vertex,2023-10-17 20:14:32.379625
16.5,606.0,,,Vertex,2023-10-17 20:14:32.379625
24.098,826.0,24.101,937.0,Vertex,2023-10-17 21:12:08.621314
24.095,207.0,24.104,622.0,Vertex,2023-10-17 21:12:08.621314
24.094,233.0,24.105,1659.0,Vertex,2023-10-17 21:12:08.621314
24.093,622.0,24.116,3732.0,Vertex,2023-10-17 21:12:08.621314
24.091,1660.0,24.126,2250.0,Vertex,2023-10-17 21:12:08.621314
24.089,1321.0,24.145,124.0,Vertex,2023-10-17 21:12:08.621314
24.079,3737.0,24.15,115.5,Vertex,2023-10-17 21:12:08.621314
24.074,4147.0,24.155,4147.0,Vertex,2023-10-17 21:12:08.621314
24.073,2250.0,24.189,110.0,Vertex,2023-10-17 21:12:08.621314
24.041,108.0,24.196,103.5,Vertex,2023-10-17 21:12:08.621314
24.007,124.0,24.4,50.0,Vertex,2023-10-17 21:12:08.621314
24.003,103.5,24.599,41.0,Vertex,2023-10-17 21:12:08.621314
23.633,41.0,24.65,100.0,Vertex,2023-10-17 21:12:08.621314
23.3,1428.5,25.0,5.0,Vertex,2023-10-17 21:12:08.621314
23.2,200.0,26.8,5.0,Vertex,2023-10-17 21:12:08.621314
20.89,200.0,,,Vertex,2023-10-17 21:12:08.621314
18.9,773.0,,,Vertex,2023-10-17 21:12:08.621314
16.5,606.0,,,Vertex,2023-10-17 21:12:08.621314
24.009,208.0,24.01,208.0,Vertex,2023-10-17 22:12:58.877120
24.008,234.0,24.012,858.0,Vertex,2023-10-17 22:12:58.877120
24.006,2290.0,24.013,1665.0,Vertex,2023-10-17 22:12:58.877120
24.0,1325.0,24.014,499.0,Vertex,2023-10-17 22:12:58.877120
23.999,3750.0,24.025,3746.0,Vertex,2023-10-17 22:12:58.877120
23.991,4987.0,24.037,2250.0,Vertex,2023-10-17 22:12:58.877120
23.976,2250.0,24.051,124.0,Vertex,2023-10-17 22:12:58.877120
23.952,108.5,24.06,4163.0,Vertex,2023-10-17 22:12:58.877120
23.916,124.0,24.061,116.0,Vertex,2023-10-17 22:12:58.877120
23.914,104.0,24.091,110.0,Vertex,2023-10-17 22:12:58.877120
23.539,41.5,24.107,104.0,Vertex,2023-10-17 22:12:58.877120
23.3,1428.5,24.4,50.0,Vertex,2023-10-17 22:12:58.877120
23.2,200.0,24.5,41.5,Vertex,2023-10-17 22:12:58.877120
20.89,200.0,24.65,100.0,Vertex,2023-10-17 22:12:58.877120
18.9,773.0,25.0,5.0,Vertex,2023-10-17 22:12:58.877120
16.5,606.0,26.8,5.0,Vertex,2023-10-17 22:12:58.877120
23.986,234.0,23.992,234.0,Vertex,2023-10-17 23:13:12.944178
23.984,625.0,23.993,208.0,Vertex,2023-10-17 23:13:12.944178
23.983,500.0,23.995,500.0,Vertex,2023-10-17 23:13:12.944178
23.982,1667.0,23.998,625.0,Vertex,2023-10-17 23:13:12.944178
23.981,826.0,23.999,1666.0,Vertex,2023-10-17 23:13:12.944178
23.973,824.0,24.011,3748.0,Vertex,2023-10-17 23:13:12.944178
23.97,3754.0,24.023,125.0,Vertex,2023-10-17 23:13:12.944178
23.969,4168.0,24.03,4168.0,Vertex,2023-10-17 23:13:12.944178
23.965,2250.0,24.038,2250.0,Vertex,2023-10-17 23:13:12.944178
23.929,108.5,24.042,116.0,Vertex,2023-10-17 23:13:12.944178
23.894,125.0,24.072,110.0,Vertex,2023-10-17 23:13:12.944178
23.892,104.0,24.085,104.0,Vertex,2023-10-17 23:13:12.944178
23.514,41.5,24.4,50.0,Vertex,2023-10-17 23:13:12.944178
23.3,1428.5,24.474,41.5,Vertex,2023-10-17 23:13:12.944178
23.2,200.0,24.65,100.0,Vertex,2023-10-17 23:13:12.944178
20.89,200.0,25.0,5.0,Vertex,2023-10-17 23:13:12.944178
18.9,773.0,26.8,5.0,Vertex,2023-10-17 23:13:12.944178
16.5,606.0,,,Vertex,2023-10-17 23:13:12.944178
23.97,208.0,23.971,234.0,Vertex,2023-10-18 01:00:37.481771
23.966,859.0,23.974,708.0,Vertex,2023-10-18 01:00:37.481771
23.965,1669.0,23.978,625.0,Vertex,2023-10-18 01:00:37.481771
23.958,500.0,23.98,1668.0,Vertex,2023-10-18 01:00:37.481771
23.955,826.0,23.986,3752.0,Vertex,2023-10-18 01:00:37.481771
23.953,3757.0,23.997,2250.0,Vertex,2023-10-18 01:00:37.481771
23.947,4169.0,24.0,4294.0,Vertex,2023-10-18 01:00:37.481771
23.944,824.0,24.021,116.5,Vertex,2023-10-18 01:00:37.481771
23.943,2250.0,24.048,110.0,Vertex,2023-10-18 01:00:37.481771
23.913,108.5,24.065,104.0,Vertex,2023-10-18 01:00:37.481771
23.873,229.0,24.4,50.0,Vertex,2023-10-18 01:00:37.481771
23.492,41.5,24.485,41.5,Vertex,2023-10-18 01:00:37.481771
23.3,1428.5,24.65,100.0,Vertex,2023-10-18 01:00:37.481771
23.2,200.0,25.0,5.0,Vertex,2023-10-18 01:00:37.481771
20.89,200.0,26.8,5.0,Vertex,2023-10-18 01:00:37.481771
18.9,773.0,,,Vertex,2023-10-18 01:00:37.481771
16.5,606.0,,,Vertex,2023-10-18 01:00:37.481771
23.937,208.0,23.938,234.0,Vertex,2023-10-18 01:56:11.115412
23.936,626.0,23.939,208.0,Vertex,2023-10-18 01:56:11.115412
23.935,1671.0,23.94,501.0,Vertex,2023-10-18 01:56:11.115412
23.932,234.0,23.941,626.0,Vertex,2023-10-18 01:56:11.115412
23.927,501.0,23.942,1670.0,Vertex,2023-10-18 01:56:11.115412
23.924,3761.0,23.951,3757.0,Vertex,2023-10-18 01:56:11.115412
23.922,826.0,23.968,125.0,Vertex,2023-10-18 01:56:11.115412
23.913,824.0,23.976,4176.0,Vertex,2023-10-18 01:56:11.115412
23.912,4176.0,23.982,2250.0,Vertex,2023-10-18 01:56:11.115412
23.909,2250.0,23.988,116.5,Vertex,2023-10-18 01:56:11.115412
23.88,108.5,24.013,110.0,Vertex,2023-10-18 01:56:11.115412
23.84,229.0,24.033,104.0,Vertex,2023-10-18 01:56:11.115412
23.466,41.5,24.4,50.0,Vertex,2023-10-18 01:56:11.115412
23.3,1428.5,24.419,41.5,Vertex,2023-10-18 01:56:11.115412
23.2,200.0,24.65,100.0,Vertex,2023-10-18 01:56:11.115412
20.89,200.0,25.0,5.0,Vertex,2023-10-18 01:56:11.115412
18.9,773.0,26.8,5.0,Vertex,2023-10-18 01:56:11.115412
16.5,606.0,,,Vertex,2023-10-18 01:56:11.115412
23.888,209.0,23.89,444.0,Vertex,2023-10-18 02:21:51.369477
23.885,627.0,23.893,627.0,Vertex,2023-10-18 02:21:51.369477
23.884,1674.0,23.894,1674.0,Vertex,2023-10-18 02:21:51.369477
23.883,235.0,23.896,502.0,Vertex,2023-10-18 02:21:51.369477
23.88,502.0,23.904,3765.0,Vertex,2023-10-18 02:21:51.369477
23.877,3769.0,23.915,2250.0,Vertex,2023-10-18 02:21:51.369477
23.874,4187.0,23.926,125.0,Vertex,2023-10-18 02:21:51.369477
23.872,826.0,23.93,4187.0,Vertex,2023-10-18 02:21:51.369477
23.864,824.0,23.941,116.5,Vertex,2023-10-18 02:21:51.369477
23.842,2250.0,23.962,110.0,Vertex,2023-10-18 02:21:51.369477
23.831,109.0,23.991,104.5,Vertex,2023-10-18 02:21:51.369477
23.796,125.0,24.385,41.5,Vertex,2023-10-18 02:21:51.369477
23.795,104.5,24.4,50.0,Vertex,2023-10-18 02:21:51.369477
23.428,41.5,24.65,100.0,Vertex,2023-10-18 02:21:51.369477
23.3,1428.5,25.0,5.0,Vertex,2023-10-18 02:21:51.369477
23.2,200.0,26.8,5.0,Vertex,2023-10-18 02:21:51.369477
20.89,200.0,,,Vertex,2023-10-18 02:21:51.369477
18.9,773.0,,,Vertex,2023-10-18 02:21:51.369477
16.5,606.0,,,Vertex,2023-10-18 02:21:51.369477
23.958,208.0,23.961,734.0,Vertex,2023-10-18 03:14:06.867448
23.953,1903.0,23.962,208.0,Vertex,2023-10-18 03:14:06.867448
23.945,500.0,23.965,625.0,Vertex,2023-10-18 03:14:06.867448
23.944,826.0,23.966,1669.0,Vertex,2023-10-18 03:14:06.867448
23.937,824.0,23.977,3753.0,Vertex,2023-10-18 03:14:06.867448
23.933,4170.0,24.001,125.0,Vertex,2023-10-18 03:14:06.867448
23.931,2250.0,24.004,6420.0,Vertex,2023-10-18 03:14:06.867448
23.901,108.5,24.011,116.5,Vertex,2023-10-18 03:14:06.867448
23.862,125.0,24.034,110.0,Vertex,2023-10-18 03:14:06.867448
23.858,104.0,24.054,104.0,Vertex,2023-10-18 03:14:06.867448
23.476,41.5,24.4,50.0,Vertex,2023-10-18 03:14:06.867448
23.3,1428.5,24.437,41.5,Vertex,2023-10-18 03:14:06.867448
23.2,200.0,24.65,100.0,Vertex,2023-10-18 03:14:06.867448
20.89,200.0,25.0,5.0,Vertex,2023-10-18 03:14:06.867448
18.9,773.0,26.8,5.0,Vertex,2023-10-18 03:14:06.867448
16.5,606.0,,,Vertex,2023-10-18 03:14:06.867448
23.979,208.0,23.983,208.0,Vertex,2023-10-18 04:16:29.727279
23.978,234.0,23.985,625.0,Vertex,2023-10-18 04:16:29.727279
23.976,625.0,23.986,1901.0,Vertex,2023-10-18 04:16:29.727279
23.975,1668.0,23.989,500.0,Vertex,2023-10-18 04:16:29.727279
23.971,1326.0,23.995,3750.0,Vertex,2023-10-18 04:16:29.727279
23.967,3755.0,24.015,125.0,Vertex,2023-10-18 04:16:29.727279
23.963,824.0,24.027,4170.0,Vertex,2023-10-18 04:16:29.727279
23.959,4170.0,24.03,2250.0,Vertex,2023-10-18 04:16:29.727279
23.957,2250.0,24.033,116.5,Vertex,2023-10-18 04:16:29.727279
23.921,108.5,24.062,110.0,Vertex,2023-10-18 04:16:29.727279
23.886,104.0,24.079,104.0,Vertex,2023-10-18 04:16:29.727279
23.884,125.0,24.4,50.0,Vertex,2023-10-18 04:16:29.727279
23.51,41.5,24.474,41.5,Vertex,2023-10-18 04:16:29.727279
23.3,1428.5,24.65,100.0,Vertex,2023-10-18 04:16:29.727279
23.2,200.0,25.0,5.0,Vertex,2023-10-18 04:16:29.727279
20.89,200.0,26.8,5.0,Vertex,2023-10-18 04:16:29.727279
18.9,773.0,,,Vertex,2023-10-18 04:16:29.727279
16.5,606.0,,,Vertex,2023-10-18 04:16:29.727279
24.141,207.0,24.144,232.0,Vertex,2023-10-18 05:13:00.932770
24.138,2510.0,24.146,621.0,Vertex,2023-10-18 05:13:00.932770
24.131,495.0,24.148,2151.0,Vertex,2023-10-18 05:13:00.932770
24.128,4555.0,24.159,3725.0,Vertex,2023-10-18 05:13:00.932770
24.118,824.0,24.167,2250.0,Vertex,2023-10-18 05:13:00.932770
24.109,4130.0,24.187,4253.0,Vertex,2023-10-18 05:13:00.932770
24.106,2250.0,24.194,115.5,Vertex,2023-10-18 05:13:00.932770
24.084,107.5,24.22,110.0,Vertex,2023-10-18 05:13:00.932770
24.048,123.0,24.24,103.5,Vertex,2023-10-18 05:13:00.932770
24.046,103.5,24.65,100.0,Vertex,2023-10-18 05:13:00.932770
23.675,41.0,24.652,41.0,Vertex,2023-10-18 05:13:00.932770
23.3,1428.5,25.0,5.0,Vertex,2023-10-18 05:13:00.932770
23.2,200.0,26.8,5.0,Vertex,2023-10-18 05:13:00.932770
20.89,200.0,,,Vertex,2023-10-18 05:13:00.932770
18.9,773.0,,,Vertex,2023-10-18 05:13:00.932770
16.5,606.0,,,Vertex,2023-10-18 05:13:00.932770
24.176,206.0,24.179,933.0,Vertex,2023-10-18 06:18:52.070179
24.174,620.0,24.182,620.0,Vertex,2023-10-18 06:18:52.070179
24.173,232.0,24.183,1654.0,Vertex,2023-10-18 06:18:52.070179
24.172,1654.0,24.193,3720.0,Vertex,2023-10-18 06:18:52.070179
24.165,495.0,24.203,2250.0,Vertex,2023-10-18 06:18:52.070179
24.164,3724.0,24.21,4132.0,Vertex,2023-10-18 06:18:52.070179
24.163,826.0,24.223,123.0,Vertex,2023-10-18 06:18:52.070179
24.159,4132.0,24.229,115.5,Vertex,2023-10-18 06:18:52.070179
24.155,824.0,24.254,110.0,Vertex,2023-10-18 06:18:52.070179
24.149,2250.0,24.274,103.0,Vertex,2023-10-18 06:18:52.070179
24.119,107.5,24.65,100.0,Vertex,2023-10-18 06:18:52.070179
24.08,226.0,24.667,41.0,Vertex,2023-10-18 06:18:52.070179
23.711,41.0,25.0,5.0,Vertex,2023-10-18 06:18:52.070179
23.3,1428.5,26.8,5.0,Vertex,2023-10-18 06:18:52.070179
23.2,200.0,,,Vertex,2023-10-18 06:18:52.070179
20.89,200.0,,,Vertex,2023-10-18 06:18:52.070179
18.9,773.0,,,Vertex,2023-10-18 06:18:52.070179
16.5,606.0,,,Vertex,2023-10-18 06:18:52.070179
24.026,208.0,24.027,442.0,Vertex,2023-10-18 07:13:02.621765
24.024,624.0,24.028,624.0,Vertex,2023-10-18 07:13:02.621765
24.018,234.0,24.029,1664.0,Vertex,2023-10-18 07:13:02.621765
24.015,3747.0,24.031,499.0,Vertex,2023-10-18 07:13:02.621765
24.012,499.0,24.038,3744.0,Vertex,2023-10-18 07:13:02.621765
24.005,824.0,24.05,2250.0,Vertex,2023-10-18 07:13:02.621765
24.0,4165.0,24.057,124.0,Vertex,2023-10-18 07:13:02.621765
23.997,3074.0,24.066,4165.0,Vertex,2023-10-18 07:13:02.621765
23.969,108.0,24.076,116.0,Vertex,2023-10-18 07:13:02.621765
23.931,124.0,24.096,110.0,Vertex,2023-10-18 07:13:02.621765
23.926,104.0,24.119,104.0,Vertex,2023-10-18 07:13:02.621765
23.555,41.5,24.517,41.5,Vertex,2023-10-18 07:13:02.621765
23.3,1428.5,24.65,100.0,Vertex,2023-10-18 07:13:02.621765
23.2,200.0,25.0,5.0,Vertex,2023-10-18 07:13:02.621765
20.89,200.0,26.8,5.0,Vertex,2023-10-18 07:13:02.621765
18.9,773.0,,,Vertex,2023-10-18 07:13:02.621765
16.5,606.0,,,Vertex,2023-10-18 07:13:02.621765
24.008,442.0,24.011,208.0,Vertex,2023-10-18 09:14:08.676499
24.006,624.0,24.013,624.0,Vertex,2023-10-18 09:14:08.676499
24.005,1666.0,24.015,2165.0,Vertex,2023-10-18 09:14:08.676499
24.0,500.0,24.021,3746.0,Vertex,2023-10-18 09:14:08.676499
23.995,3750.0,24.025,4166.0,Vertex,2023-10-18 09:14:08.676499
23.991,826.0,24.037,2250.0,Vertex,2023-10-18 09:14:08.676499
23.984,2250.0,24.04,125.0,Vertex,2023-10-18 09:14:08.676499
23.983,824.0,24.082,110.0,Vertex,2023-10-18 09:14:08.676499
23.966,4166.0,24.106,104.0,Vertex,2023-10-18 09:14:08.676499
23.914,125.0,24.486,41.5,Vertex,2023-10-18 09:14:08.676499
23.913,104.0,,,Vertex,2023-10-18 09:14:08.676499
23.533,41.5,,,Vertex,2023-10-18 09:14:08.676499
23.993,234.0,23.994,208.0,Vertex,2023-10-18 10:14:43.636675
23.992,208.0,23.997,1666.0,Vertex,2023-10-18 10:14:43.636675
23.991,500.0,24.004,500.0,Vertex,2023-10-18 10:14:43.636675
23.989,2292.0,24.006,3749.0,Vertex,2023-10-18 10:14:43.636675
23.981,3752.0,24.029,4292.0,Vertex,2023-10-18 10:14:43.636675
23.98,550.0,24.03,2250.0,Vertex,2023-10-18 10:14:43.636675
23.974,550.0,24.07,110.0,Vertex,2023-10-18 10:14:43.636675
23.962,2250.0,24.09,104.0,Vertex,2023-10-18 10:14:43.636675
23.946,4167.0,24.469,41.5,Vertex,2023-10-18 10:14:43.636675
23.904,125.0,,,Vertex,2023-10-18 10:14:43.636675
23.897,104.0,,,Vertex,2023-10-18 10:14:43.636675
23.517,41.5,,,Vertex,2023-10-18 10:14:43.636675
23.861,235.0,23.874,4186.0,Vertex,2023-10-18 11:11:47.361399
23.859,502.0,23.876,502.0,Vertex,2023-10-18 11:11:47.361399
23.841,2250.0,23.887,125.0,Vertex,2023-10-18 11:11:47.361399
23.832,550.0,23.914,2250.0,Vertex,2023-10-18 11:11:47.361399
23.824,550.0,23.922,110.0,Vertex,2023-10-18 11:11:47.361399
23.807,4186.0,23.963,104.5,Vertex,2023-10-18 11:11:47.361399
23.772,104.5,24.338,41.5,Vertex,2023-10-18 11:11:47.361399
23.77,125.0,,,Vertex,2023-10-18 11:11:47.361399
23.38,41.5,,,Vertex,2023-10-18 11:11:47.361399
23.887,209.0,23.89,209.0,Vertex,2023-10-18 12:27:26.955120
23.886,862.0,23.891,235.0,Vertex,2023-10-18 12:27:26.955120
23.884,1674.0,23.893,1130.0,Vertex,2023-10-18 12:27:26.955120
23.881,503.0,23.894,1674.0,Vertex,2023-10-18 12:27:26.955120
23.875,550.0,23.903,3765.0,Vertex,2023-10-18 12:27:26.955120
23.874,3769.0,23.917,4192.0,Vertex,2023-10-18 12:27:26.955120
23.866,550.0,23.924,2250.0,Vertex,2023-10-18 12:27:26.955120
23.863,2250.0,23.925,125.0,Vertex,2023-10-18 12:27:26.955120
23.857,4192.0,23.965,110.0,Vertex,2023-10-18 12:27:26.955120
23.793,104.5,23.986,104.5,Vertex,2023-10-18 12:27:26.955120
23.792,125.0,24.361,41.5,Vertex,2023-10-18 12:27:26.955120
23.402,41.5,,,Vertex,2023-10-18 12:27:26.955120
23.742,210.0,23.745,210.0,Vertex,2023-10-18 13:17:50.781867
23.741,236.0,23.746,236.0,Vertex,2023-10-18 13:17:50.781867
23.74,631.0,23.748,631.0,Vertex,2023-10-18 13:17:50.781867
23.738,1685.0,23.749,2189.0,Vertex,2023-10-18 13:17:50.781867
23.734,550.0,23.758,3788.0,Vertex,2023-10-18 13:17:50.781867
23.733,505.0,23.766,4211.0,Vertex,2023-10-18 13:17:50.781867
23.727,3793.0,23.776,126.0,Vertex,2023-10-18 13:17:50.781867
23.725,550.0,23.791,2250.0,Vertex,2023-10-18 13:17:50.781867
23.719,2250.0,23.823,110.0,Vertex,2023-10-18 13:17:50.781867
23.709,4211.0,23.839,105.0,Vertex,2023-10-18 13:17:50.781867
23.648,231.0,24.222,42.0,Vertex,2023-10-18 13:17:50.781867
23.273,42.0,,,Vertex,2023-10-18 13:17:50.781867
23.763,210.0,23.764,236.0,Vertex,2023-10-18 14:13:08.350771
23.762,631.0,23.765,210.0,Vertex,2023-10-18 14:13:08.350771
23.761,1683.0,23.767,504.0,Vertex,2023-10-18 14:13:08.350771
23.76,236.0,23.768,631.0,Vertex,2023-10-18 14:13:08.350771
23.756,504.0,23.769,1682.0,Vertex,2023-10-18 14:13:08.350771
23.749,3789.0,23.78,4204.0,Vertex,2023-10-18 14:13:08.350771
23.743,550.0,23.781,3784.0,Vertex,2023-10-18 14:13:08.350771
23.732,550.0,23.79,2250.0,Vertex,2023-10-18 14:13:08.350771
23.722,4204.0,23.807,126.0,Vertex,2023-10-18 14:13:08.350771
23.718,2250.0,23.832,110.0,Vertex,2023-10-18 14:13:08.350771
23.668,126.0,23.858,105.0,Vertex,2023-10-18 14:13:08.350771
23.666,105.0,24.247,42.0,Vertex,2023-10-18 14:13:08.350771
23.28,42.0,,,Vertex,2023-10-18 14:13:08.350771
23.75,631.0,23.757,210.0,Vertex,2023-10-18 15:14:34.606059
23.749,237.0,23.758,742.0,Vertex,2023-10-18 15:14:34.606059
23.747,505.0,23.761,631.0,Vertex,2023-10-18 15:14:34.606059
23.739,4341.0,23.762,1683.0,Vertex,2023-10-18 15:14:34.606059
23.73,550.0,23.77,3786.0,Vertex,2023-10-18 15:14:34.606059
23.729,2250.0,23.782,4215.0,Vertex,2023-10-18 15:14:34.606059
23.709,4215.0,23.795,126.0,Vertex,2023-10-18 15:14:34.606059
23.693,109.5,23.801,2250.0,Vertex,2023-10-18 15:14:34.606059
23.659,126.0,23.807,117.5,Vertex,2023-10-18 15:14:34.606059
23.657,105.0,23.828,110.0,Vertex,2023-10-18 15:14:34.606059
23.277,42.0,23.848,105.0,Vertex,2023-10-18 15:14:34.606059
,,24.239,42.0,Vertex,2023-10-18 15:14:34.606059
23.743,210.0,23.744,236.0,Vertex,2023-10-18 16:18:38.919695
23.742,631.0,23.745,210.0,Vertex,2023-10-18 16:18:38.919695
23.74,1684.0,23.746,504.0,Vertex,2023-10-18 16:18:38.919695
23.737,236.0,23.748,631.0,Vertex,2023-10-18 16:18:38.919695
23.734,504.0,23.749,1684.0,Vertex,2023-10-18 16:18:38.919695
23.731,3792.0,23.755,3788.0,Vertex,2023-10-18 16:18:38.919695
23.726,550.0,23.768,6458.0,Vertex,2023-10-18 16:18:38.919695
23.717,550.0,23.774,126.0,Vertex,2023-10-18 16:18:38.919695
23.715,2250.0,23.794,117.5,Vertex,2023-10-18 16:18:38.919695
23.699,4208.0,23.815,110.0,Vertex,2023-10-18 16:18:38.919695
23.686,109.5,23.839,105.0,Vertex,2023-10-18 16:18:38.919695
23.648,231.0,24.228,42.0,Vertex,2023-10-18 16:18:38.919695
23.275,42.0,,,Vertex,2023-10-18 16:18:38.919695
23.709,237.0,23.71,210.0,Vertex,2023-10-18 17:12:43.777538
23.708,210.0,23.714,869.0,Vertex,2023-10-18 17:12:43.777538
23.705,632.0,23.715,1686.0,Vertex,2023-10-18 17:12:43.777538
23.704,1687.0,23.716,506.0,Vertex,2023-10-18 17:12:43.777538
23.7,506.0,23.727,3793.0,Vertex,2023-10-18 17:12:43.777538
23.695,550.0,23.738,2250.0,Vertex,2023-10-18 17:12:43.777538
23.693,3798.0,23.739,4222.0,Vertex,2023-10-18 17:12:43.777538
23.687,550.0,23.751,126.0,Vertex,2023-10-18 17:12:43.777538
23.668,4222.0,23.76,117.5,Vertex,2023-10-18 17:12:43.777538
23.666,2250.0,23.784,110.0,Vertex,2023-10-18 17:12:43.777538
23.652,109.5,23.809,105.0,Vertex,2023-10-18 17:12:43.777538
23.618,126.0,24.193,42.0,Vertex,2023-10-18 17:12:43.777538
23.612,105.0,,,Vertex,2023-10-18 17:12:43.777538
23.245,42.0,,,Vertex,2023-10-18 17:12:43.777538
23.646,1691.0,23.651,238.0,Vertex,2023-10-18 18:18:42.141733
23.644,238.0,23.657,507.0,Vertex,2023-10-18 18:18:42.141733
23.643,507.0,23.665,3803.0,Vertex,2023-10-18 18:18:42.141733
23.638,3807.0,23.67,4233.0,Vertex,2023-10-18 18:18:42.141733
23.634,550.0,23.676,2250.0,Vertex,2023-10-18 18:18:42.141733
23.625,550.0,23.696,126.0,Vertex,2023-10-18 18:18:42.141733
23.608,4233.0,23.701,118.0,Vertex,2023-10-18 18:18:42.141733
23.604,2250.0,23.723,110.0,Vertex,2023-10-18 18:18:42.141733
23.589,110.0,23.747,105.5,Vertex,2023-10-18 18:18:42.141733
23.562,126.0,24.134,42.0,Vertex,2023-10-18 18:18:42.141733
23.556,105.5,24.5,33.0,Vertex,2023-10-18 18:18:42.141733
23.189,42.0,,,Vertex,2023-10-18 18:18:42.141733
21.57,300.0,,,Vertex,2023-10-18 18:18:42.141733
23.7,447.0,23.702,210.0,Vertex,2023-10-18 19:11:51.701416
23.698,506.0,23.705,237.0,Vertex,2023-10-18 19:11:51.701416
23.696,632.0,23.706,632.0,Vertex,2023-10-18 19:11:51.701416
23.695,1688.0,23.708,1687.0,Vertex,2023-10-18 19:11:51.701416
23.685,3799.0,23.709,506.0,Vertex,2023-10-18 19:11:51.701416
23.683,550.0,23.718,3794.0,Vertex,2023-10-18 19:11:51.701416
23.677,550.0,23.727,4223.0,Vertex,2023-10-18 19:11:51.701416
23.659,2250.0,23.731,2250.0,Vertex,2023-10-18 19:11:51.701416
23.657,4223.0,23.745,126.0,Vertex,2023-10-18 19:11:51.701416
23.643,109.5,23.752,117.5,Vertex,2023-10-18 19:11:51.701416
23.616,126.0,23.772,110.0,Vertex,2023-10-18 19:11:51.701416
23.609,105.0,23.799,105.0,Vertex,2023-10-18 19:11:51.701416
23.235,42.0,24.186,42.0,Vertex,2023-10-18 19:11:51.701416
21.57,300.0,24.5,33.0,Vertex,2023-10-18 19:11:51.701416
23.695,211.0,23.696,211.0,Vertex,2023-10-18 20:14:19.242321
23.694,633.0,23.697,870.0,Vertex,2023-10-18 20:14:19.242321
23.693,1688.0,23.698,1687.0,Vertex,2023-10-18 20:14:19.242321
23.692,237.0,23.701,506.0,Vertex,2023-10-18 20:14:19.242321
23.686,506.0,23.707,3796.0,Vertex,2023-10-18 20:14:19.242321
23.684,3799.0,23.72,4217.0,Vertex,2023-10-18 20:14:19.242321
23.679,545.0,23.723,2250.0,Vertex,2023-10-18 20:14:19.242321
23.669,547.0,23.743,126.0,Vertex,2023-10-18 20:14:19.242321
23.656,4217.0,23.746,117.5,Vertex,2023-10-18 20:14:19.242321
23.651,2250.0,23.768,110.0,Vertex,2023-10-18 20:14:19.242321
23.638,109.5,23.791,105.0,Vertex,2023-10-18 20:14:19.242321
23.601,126.0,24.182,42.0,Vertex,2023-10-18 20:14:19.242321
23.6,105.0,24.5,33.0,Vertex,2023-10-18 20:14:19.242321
23.232,42.0,,,Vertex,2023-10-18 20:14:19.242321
21.57,300.0,,,Vertex,2023-10-18 20:14:19.242321
23.672,237.0,23.677,237.0,Vertex,2023-10-18 21:12:04.150584
23.666,506.0,23.679,1689.0,Vertex,2023-10-18 21:12:04.150584
23.664,2323.0,23.68,506.0,Vertex,2023-10-18 21:12:04.150584
23.654,545.0,23.689,3799.0,Vertex,2023-10-18 21:12:04.150584
23.651,3805.0,23.697,2250.0,Vertex,2023-10-18 21:12:04.150584
23.645,547.0,23.704,4221.0,Vertex,2023-10-18 21:12:04.150584
23.634,4221.0,23.724,126.0,Vertex,2023-10-18 21:12:04.150584
23.625,2250.0,23.727,118.0,Vertex,2023-10-18 21:12:04.150584
23.615,110.0,23.743,110.0,Vertex,2023-10-18 21:12:04.150584
23.585,126.0,23.771,105.5,Vertex,2023-10-18 21:12:04.150584
23.58,105.5,24.154,42.0,Vertex,2023-10-18 21:12:04.150584
23.206,42.0,24.5,33.0,Vertex,2023-10-18 21:12:04.150584
21.57,300.0,,,Vertex,2023-10-18 21:12:04.150584
23.542,212.0,23.545,212.0,Vertex,2023-10-18 22:12:36.953469
23.539,239.0,23.547,239.0,Vertex,2023-10-18 22:12:36.953469
23.536,637.0,23.548,510.0,Vertex,2023-10-18 22:12:36.953469
23.535,1699.0,23.551,636.0,Vertex,2023-10-18 22:12:36.953469
23.53,510.0,23.553,1698.0,Vertex,2023-10-18 22:12:36.953469
23.529,539.0,23.563,3819.0,Vertex,2023-10-18 22:12:36.953469
23.521,4367.0,23.574,4252.0,Vertex,2023-10-18 22:12:36.953469
23.515,2250.0,23.587,2250.0,Vertex,2023-10-18 22:12:36.953469
23.503,4252.0,23.589,127.0,Vertex,2023-10-18 22:12:36.953469
23.485,110.5,23.595,118.5,Vertex,2023-10-18 22:12:36.953469
23.456,127.0,23.618,110.0,Vertex,2023-10-18 22:12:36.953469
23.447,106.0,23.637,106.0,Vertex,2023-10-18 22:12:36.953469
23.085,42.0,24.028,42.0,Vertex,2023-10-18 22:12:36.953469
21.57,300.0,24.5,33.0,Vertex,2023-10-18 22:12:36.953469
23.582,212.0,23.583,212.0,Vertex,2023-10-18 23:13:26.657506
