bid_price,bid_size,ask_price,ask_size,protocol_name,timestamp
0.8045,8886.115,0.8046,380.171,Zeta Markets,2023-10-14 12:24:07.862890
0.8044,18259.14,0.8047,2534.476,Zeta Markets,2023-10-14 12:24:07.862890
0.804,2176.873,0.8049,6336.189,Zeta Markets,2023-10-14 12:24:07.862890
0.803,2486.35,0.805,2734.98,Zeta Markets,2023-10-14 12:24:07.862890
0.802,31079.45,0.8053,19008.568,Zeta Markets,2023-10-14 12:24:07.862890
0.801,24863.56,0.8057,3936.708,Zeta Markets,2023-10-14 12:24:07.862890
0.792,372.95,0.806,12431.78,Zeta Markets,2023-10-14 12:24:07.862890
0.788,497.27,0.807,18647.67,Zeta Markets,2023-10-14 12:24:07.862890
0.786,621.58,0.808,24863.56,Zeta Markets,2023-10-14 12:24:07.862890
0.784,745.9,0.816,372.95,Zeta Markets,2023-10-14 12:24:07.862890
0.782,870.22,0.82,497.27,Zeta Markets,2023-10-14 12:24:07.862890
0.01,0.01,0.822,621.58,Zeta Markets,2023-10-14 12:24:07.862890
,,0.824,745.9,Zeta Markets,2023-10-14 12:24:07.862890
,,0.826,870.22,Zeta Markets,2023-10-14 12:24:07.862890
,,1.7,1.0,Zeta Markets,2023-10-14 12:24:07.862890
,,5.0,1.0,Zeta Markets,2023-10-14 12:24:07.862890
0.8044,8887.115,0.8045,380.212,Zeta Markets,2023-10-14 13:14:30.299822
0.8043,18261.195,0.8046,2534.75,Zeta Markets,2023-10-14 13:14:30.299822
0.804,248.6,0.8048,6336.874,Zeta Markets,2023-10-14 13:14:30.299822
0.8039,1925.188,0.805,2734.6,Zeta Markets,2023-10-14 13:14:30.299822
0.803,14916.02,0.8052,19010.622,Zeta Markets,2023-10-14 13:14:30.299822
0.802,18645.03,0.8056,3933.654,Zeta Markets,2023-10-14 13:14:30.299822
0.801,24860.05,0.806,12430.02,Zeta Markets,2023-10-14 13:14:30.299822
0.792,372.9,0.807,18645.03,Zeta Markets,2023-10-14 13:14:30.299822
0.788,497.2,0.808,24860.05,Zeta Markets,2023-10-14 13:14:30.299822
0.786,621.5,0.816,372.9,Zeta Markets,2023-10-14 13:14:30.299822
0.784,745.8,0.82,497.2,Zeta Markets,2023-10-14 13:14:30.299822
0.782,870.1,0.822,621.5,Zeta Markets,2023-10-14 13:14:30.299822
0.01,0.01,0.824,745.8,Zeta Markets,2023-10-14 13:14:30.299822
,,0.826,870.1,Zeta Markets,2023-10-14 13:14:30.299822
,,1.7,1.0,Zeta Markets,2023-10-14 13:14:30.299822
,,5.0,1.0,Zeta Markets,2023-10-14 13:14:30.299822
0.8059,8869.727,0.806,248.19,Zeta Markets,2023-10-14 14:11:10.073391
0.8058,18225.467,0.8061,379.498,Zeta Markets,2023-10-14 14:11:10.073391
0.8054,1978.303,0.8062,2529.986,Zeta Markets,2023-10-14 14:11:10.073391
0.805,2730.13,0.8064,6324.965,Zeta Markets,2023-10-14 14:11:10.073391
0.804,12409.74,0.8068,18974.895,Zeta Markets,2023-10-14 14:11:10.073391
0.803,18614.61,0.807,2481.94,Zeta Markets,2023-10-14 14:11:10.073391
0.802,24819.48,0.8072,3986.769,Zeta Markets,2023-10-14 14:11:10.073391
0.793,372.29,0.808,31024.35,Zeta Markets,2023-10-14 14:11:10.073391
0.789,496.38,0.809,24819.48,Zeta Markets,2023-10-14 14:11:10.073391
0.787,620.48,0.817,372.29,Zeta Markets,2023-10-14 14:11:10.073391
0.785,744.58,0.822,496.38,Zeta Markets,2023-10-14 14:11:10.073391
0.783,868.68,0.824,620.48,Zeta Markets,2023-10-14 14:11:10.073391
0.01,0.01,0.826,744.58,Zeta Markets,2023-10-14 14:11:10.073391
,,0.828,868.68,Zeta Markets,2023-10-14 14:11:10.073391
,,1.7,1.0,Zeta Markets,2023-10-14 14:11:10.073391
,,5.0,1.0,Zeta Markets,2023-10-14 14:11:10.073391
0.8033,8897.019,0.8034,380.836,Zeta Markets,2023-10-14 15:12:25.023889
0.8032,18281.546,0.8035,2538.908,Zeta Markets,2023-10-14 15:12:25.023889
0.803,248.93,0.8037,6347.27,Zeta Markets,2023-10-14 15:12:25.023889
0.8028,1872.354,0.804,2738.3,Zeta Markets,2023-10-14 15:12:25.023889
0.802,2489.37,0.8041,19041.811,Zeta Markets,2023-10-14 15:12:25.023889
0.801,31117.13,0.8045,3909.865,Zeta Markets,2023-10-14 15:12:25.023889
0.8,24893.71,0.805,12446.85,Zeta Markets,2023-10-14 15:12:25.023889
0.791,373.4,0.806,18670.28,Zeta Markets,2023-10-14 15:12:25.023889
0.787,497.87,0.807,24893.71,Zeta Markets,2023-10-14 15:12:25.023889
0.785,622.34,0.815,373.4,Zeta Markets,2023-10-14 15:12:25.023889
0.783,746.81,0.819,497.87,Zeta Markets,2023-10-14 15:12:25.023889
0.781,871.27,0.821,622.34,Zeta Markets,2023-10-14 15:12:25.023889
0.01,0.01,0.823,746.81,Zeta Markets,2023-10-14 15:12:25.023889
,,0.825,871.27,Zeta Markets,2023-10-14 15:12:25.023889
,,1.7,1.0,Zeta Markets,2023-10-14 15:12:25.023889
,,5.0,1.0,Zeta Markets,2023-10-14 15:12:25.023889
0.8069,27296.101,0.807,247.8,Zeta Markets,2023-10-14 16:15:55.478693
0.8065,2002.619,0.8072,379.084,Zeta Markets,2023-10-14 16:15:55.478693
0.806,2478.02,0.8073,2527.225,Zeta Markets,2023-10-14 16:15:55.478693
0.805,12390.13,0.8075,6318.063,Zeta Markets,2023-10-14 16:15:55.478693
0.804,43365.46,0.8079,18954.189,Zeta Markets,2023-10-14 16:15:55.478693
0.795,371.7,0.808,2478.02,Zeta Markets,2023-10-14 16:15:55.478693
0.791,495.6,0.8083,4040.13,Zeta Markets,2023-10-14 16:15:55.478693
0.789,619.5,0.809,12390.13,Zeta Markets,2023-10-14 16:15:55.478693
0.787,743.4,0.81,43365.46,Zeta Markets,2023-10-14 16:15:55.478693
0.785,867.3,0.819,371.7,Zeta Markets,2023-10-14 16:15:55.478693
0.01,0.01,0.823,495.6,Zeta Markets,2023-10-14 16:15:55.478693
,,0.825,619.5,Zeta Markets,2023-10-14 16:15:55.478693
,,0.827,743.4,Zeta Markets,2023-10-14 16:15:55.478693
,,0.829,867.3,Zeta Markets,2023-10-14 16:15:55.478693
,,1.7,1.0,Zeta Markets,2023-10-14 16:15:55.478693
,,5.0,1.0,Zeta Markets,2023-10-14 16:15:55.478693
0.8055,8871.793,0.8056,379.8,Zeta Markets,2023-10-14 17:10:59.325413
0.8054,18229.712,0.8057,2531.997,Zeta Markets,2023-10-14 17:10:59.325413
0.805,2197.724,0.8059,6329.993,Zeta Markets,2023-10-14 17:10:59.325413
0.804,2483.17,0.806,2731.48,Zeta Markets,2023-10-14 17:10:59.325413
0.803,31039.67,0.8063,18989.977,Zeta Markets,2023-10-14 17:10:59.325413
0.802,24831.74,0.8067,3986.924,Zeta Markets,2023-10-14 17:10:59.325413
0.793,372.47,0.807,12415.87,Zeta Markets,2023-10-14 17:10:59.325413
0.789,496.63,0.808,18623.8,Zeta Markets,2023-10-14 17:10:59.325413
0.787,620.79,0.809,24831.74,Zeta Markets,2023-10-14 17:10:59.325413
0.785,744.95,0.817,372.47,Zeta Markets,2023-10-14 17:10:59.325413
0.783,869.11,0.821,496.63,Zeta Markets,2023-10-14 17:10:59.325413
0.01,0.01,0.823,620.79,Zeta Markets,2023-10-14 17:10:59.325413
,,0.825,744.95,Zeta Markets,2023-10-14 17:10:59.325413
,,0.827,869.11,Zeta Markets,2023-10-14 17:10:59.325413
,,1.7,1.0,Zeta Markets,2023-10-14 17:10:59.325413
,,5.0,1.0,Zeta Markets,2023-10-14 17:10:59.325413
0.8046,8882.235,0.8047,380.229,Zeta Markets,2023-10-14 18:16:28.868738
0.8045,18251.17,0.8048,2534.858,Zeta Markets,2023-10-14 18:16:28.868738
0.8041,1917.512,0.805,9071.675,Zeta Markets,2023-10-14 18:16:28.868738
0.804,248.59,0.8054,19011.436,Zeta Markets,2023-10-14 18:16:28.868738
0.803,14915.67,0.8058,3955.023,Zeta Markets,2023-10-14 18:16:28.868738
0.802,18644.59,0.806,12429.73,Zeta Markets,2023-10-14 18:16:28.868738
0.801,24859.46,0.807,18644.59,Zeta Markets,2023-10-14 18:16:28.868738
0.792,372.89,0.808,24859.46,Zeta Markets,2023-10-14 18:16:28.868738
0.788,497.18,0.816,372.89,Zeta Markets,2023-10-14 18:16:28.868738
0.786,621.48,0.82,497.18,Zeta Markets,2023-10-14 18:16:28.868738
0.784,745.78,0.822,621.48,Zeta Markets,2023-10-14 18:16:28.868738
0.782,870.08,0.824,745.78,Zeta Markets,2023-10-14 18:16:28.868738
0.01,0.01,0.826,870.08,Zeta Markets,2023-10-14 18:16:28.868738
,,1.7,1.0,Zeta Markets,2023-10-14 18:16:28.868738
,,5.0,1.0,Zeta Markets,2023-10-14 18:16:28.868738
0.8046,27130.804,0.8047,380.194,Zeta Markets,2023-10-14 19:10:18.072659
0.8041,1920.114,0.8049,2534.625,Zeta Markets,2023-10-14 19:10:18.072659
0.804,248.58,0.805,2734.45,Zeta Markets,2023-10-14 19:10:18.072659
0.803,14915.26,0.8051,6336.562,Zeta Markets,2023-10-14 19:10:18.072659
0.802,18644.09,0.8055,19009.686,Zeta Markets,2023-10-14 19:10:18.072659
0.801,24858.78,0.8059,3957.625,Zeta Markets,2023-10-14 19:10:18.072659
0.792,372.88,0.806,12429.39,Zeta Markets,2023-10-14 19:10:18.072659
0.788,497.17,0.807,18644.09,Zeta Markets,2023-10-14 19:10:18.072659
0.786,621.46,0.808,24858.78,Zeta Markets,2023-10-14 19:10:18.072659
0.784,745.76,0.816,372.88,Zeta Markets,2023-10-14 19:10:18.072659
0.782,870.05,0.82,497.17,Zeta Markets,2023-10-14 19:10:18.072659
0.01,0.01,0.822,621.46,Zeta Markets,2023-10-14 19:10:18.072659
,,0.824,745.76,Zeta Markets,2023-10-14 19:10:18.072659
,,0.826,870.05,Zeta Markets,2023-10-14 19:10:18.072659
,,1.7,1.0,Zeta Markets,2023-10-14 19:10:18.072659
,,5.0,1.0,Zeta Markets,2023-10-14 19:10:18.072659
0.8058,8868.24,0.8059,379.654,Zeta Markets,2023-10-14 20:13:05.787185
0.8057,18222.409,0.806,2730.87,Zeta Markets,2023-10-14 20:13:05.787185
0.8053,1960.27,0.8061,2531.023,Zeta Markets,2023-10-14 20:13:05.787185
0.805,248.26,0.8062,6327.558,Zeta Markets,2023-10-14 20:13:05.787185
0.804,14895.7,0.8066,18982.675,Zeta Markets,2023-10-14 20:13:05.787185
0.803,18619.64,0.807,12413.09,Zeta Markets,2023-10-14 20:13:05.787185
0.802,24826.19,0.8071,3997.781,Zeta Markets,2023-10-14 20:13:05.787185
0.793,372.39,0.808,18619.64,Zeta Markets,2023-10-14 20:13:05.787185
0.789,496.52,0.809,24826.19,Zeta Markets,2023-10-14 20:13:05.787185
0.787,620.65,0.817,372.39,Zeta Markets,2023-10-14 20:13:05.787185
0.785,744.78,0.821,496.52,Zeta Markets,2023-10-14 20:13:05.787185
0.783,868.91,0.823,620.65,Zeta Markets,2023-10-14 20:13:05.787185
0.01,0.01,0.825,744.78,Zeta Markets,2023-10-14 20:13:05.787185
0.0001,0.001,0.827,868.91,Zeta Markets,2023-10-14 20:13:05.787185
,,1.7,1.0,Zeta Markets,2023-10-14 20:13:05.787185
,,5.0,1.0,Zeta Markets,2023-10-14 20:13:05.787185
0.8053,8874.496,0.8054,379.911,Zeta Markets,2023-10-14 21:11:01.565288
0.8051,18235.266,0.8055,2532.738,Zeta Markets,2023-10-14 21:11:01.565288
0.8047,1941.157,0.8057,6331.844,Zeta Markets,2023-10-14 21:11:01.565288
0.804,248.41,0.806,248.41,Zeta Markets,2023-10-14 21:11:01.565288
0.803,2484.14,0.8061,18995.531,Zeta Markets,2023-10-14 21:11:01.565288
0.801,12420.71,0.8065,3978.668,Zeta Markets,2023-10-14 21:11:01.565288
0.8,18631.06,0.807,2484.14,Zeta Markets,2023-10-14 21:11:01.565288
0.798,24841.42,0.809,12420.71,Zeta Markets,2023-10-14 21:11:01.565288
0.781,372.52,0.81,18631.06,Zeta Markets,2023-10-14 21:11:01.565288
0.773,496.7,0.812,24841.42,Zeta Markets,2023-10-14 21:11:01.565288
0.769,620.88,0.829,372.52,Zeta Markets,2023-10-14 21:11:01.565288
0.765,745.05,0.837,496.7,Zeta Markets,2023-10-14 21:11:01.565288
0.761,869.23,0.841,620.88,Zeta Markets,2023-10-14 21:11:01.565288
0.01,0.01,0.846,745.05,Zeta Markets,2023-10-14 21:11:01.565288
0.0001,0.003,0.85,869.23,Zeta Markets,2023-10-14 21:11:01.565288
,,1.7,1.0,Zeta Markets,2023-10-14 21:11:01.565288
,,5.0,1.0,Zeta Markets,2023-10-14 21:11:01.565288
0.804,9138.329,0.8041,629.271,Zeta Markets,2023-10-14 22:11:48.098537
0.8038,18266.277,0.8042,2536.872,Zeta Markets,2023-10-14 22:11:48.098537
0.8034,1895.054,0.8044,6342.181,Zeta Markets,2023-10-14 22:11:48.098537
0.803,2487.41,0.8048,19026.542,Zeta Markets,2023-10-14 22:11:48.098537
0.802,12437.07,0.805,2487.41,Zeta Markets,2023-10-14 22:11:48.098537
0.801,18655.61,0.8052,3932.565,Zeta Markets,2023-10-14 22:11:48.098537
0.8,24874.15,0.806,31092.68,Zeta Markets,2023-10-14 22:11:48.098537
0.792,373.11,0.807,24874.15,Zeta Markets,2023-10-14 22:11:48.098537
0.788,497.48,0.816,373.11,Zeta Markets,2023-10-14 22:11:48.098537
0.786,621.85,0.82,497.48,Zeta Markets,2023-10-14 22:11:48.098537
0.784,746.22,0.822,621.85,Zeta Markets,2023-10-14 22:11:48.098537
0.782,870.59,0.824,746.22,Zeta Markets,2023-10-14 22:11:48.098537
0.01,0.01,0.826,870.59,Zeta Markets,2023-10-14 22:11:48.098537
,,1.7,1.0,Zeta Markets,2023-10-14 22:11:48.098537
,,5.0,1.0,Zeta Markets,2023-10-14 22:11:48.098537
0.8027,8903.942,0.8028,381.121,Zeta Markets,2023-10-14 23:12:30.233132
0.8025,18295.772,0.8029,2540.805,Zeta Markets,2023-10-14 23:12:30.233132
0.8021,1851.205,0.803,2741.7,Zeta Markets,2023-10-14 23:12:30.233132
0.802,249.24,0.8031,6352.012,Zeta Markets,2023-10-14 23:12:30.233132
0.801,2492.46,0.8035,19056.037,Zeta Markets,2023-10-14 23:12:30.233132
0.8,31155.83,0.8039,3888.716,Zeta Markets,2023-10-14 23:12:30.233132
0.799,24924.67,0.804,12462.33,Zeta Markets,2023-10-14 23:12:30.233132
0.79,373.87,0.805,18693.5,Zeta Markets,2023-10-14 23:12:30.233132
0.786,498.49,0.806,24924.67,Zeta Markets,2023-10-14 23:12:30.233132
0.784,623.11,0.814,373.87,Zeta Markets,2023-10-14 23:12:30.233132
0.782,747.74,0.818,498.49,Zeta Markets,2023-10-14 23:12:30.233132
0.78,872.36,0.82,623.11,Zeta Markets,2023-10-14 23:12:30.233132
0.01,0.01,0.822,747.74,Zeta Markets,2023-10-14 23:12:30.233132
,,0.824,872.36,Zeta Markets,2023-10-14 23:12:30.233132
,,1.7,1.0,Zeta Markets,2023-10-14 23:12:30.233132
,,5.0,1.0,Zeta Markets,2023-10-14 23:12:30.233132
0.8037,8892.696,0.8038,380.659,Zeta Markets,2023-10-15 01:04:32.130789
0.8035,18272.663,0.8039,2537.724,Zeta Markets,2023-10-15 01:04:32.130789
0.8031,1885.56,0.804,2737.68,Zeta Markets,2023-10-15 01:04:32.130789
0.803,248.88,0.8041,6344.309,Zeta Markets,2023-10-15 01:04:32.130789
0.802,2488.8,0.8045,19032.928,Zeta Markets,2023-10-15 01:04:32.130789
0.801,31110.11,0.8049,3923.071,Zeta Markets,2023-10-15 01:04:32.130789
0.8,24888.09,0.805,12444.04,Zeta Markets,2023-10-15 01:04:32.130789
0.791,373.32,0.806,18666.07,Zeta Markets,2023-10-15 01:04:32.130789
0.787,497.76,0.807,24888.09,Zeta Markets,2023-10-15 01:04:32.130789
0.785,622.2,0.815,373.32,Zeta Markets,2023-10-15 01:04:32.130789
0.783,746.64,0.819,497.76,Zeta Markets,2023-10-15 01:04:32.130789
0.781,871.08,0.821,622.2,Zeta Markets,2023-10-15 01:04:32.130789
0.01,0.01,0.823,746.64,Zeta Markets,2023-10-15 01:04:32.130789
0.0001,0.003,0.825,871.08,Zeta Markets,2023-10-15 01:04:32.130789
,,1.7,1.0,Zeta Markets,2023-10-15 01:04:32.130789
,,5.0,1.0,Zeta Markets,2023-10-15 01:04:32.130789
0.8039,27153.98,0.804,248.7,Zeta Markets,2023-10-15 02:22:48.274250
0.8037,248.7,0.8041,380.506,Zeta Markets,2023-10-15 02:22:48.274250
0.8035,1896.939,0.8042,2536.703,Zeta Markets,2023-10-15 02:22:48.274250
0.803,2487.06,0.8044,6341.758,Zeta Markets,2023-10-15 02:22:48.274250
0.802,12435.3,0.8048,19025.274,Zeta Markets,2023-10-15 02:22:48.274250
0.801,18652.95,0.805,2487.06,Zeta Markets,2023-10-15 02:22:48.274250
0.8,24870.6,0.8052,3934.45,Zeta Markets,2023-10-15 02:22:48.274250
0.792,373.05,0.806,12435.3,Zeta Markets,2023-10-15 02:22:48.274250
0.788,497.41,0.807,43523.55,Zeta Markets,2023-10-15 02:22:48.274250
0.786,621.76,0.816,373.05,Zeta Markets,2023-10-15 02:22:48.274250
0.784,746.11,0.82,497.41,Zeta Markets,2023-10-15 02:22:48.274250
0.782,870.47,0.822,621.76,Zeta Markets,2023-10-15 02:22:48.274250
0.01,0.01,0.824,746.11,Zeta Markets,2023-10-15 02:22:48.274250
,,0.826,870.47,Zeta Markets,2023-10-15 02:22:48.274250
,,1.7,1.0,Zeta Markets,2023-10-15 02:22:48.274250
,,5.0,1.0,Zeta Markets,2023-10-15 02:22:48.274250
0.8044,8883.768,0.8045,380.292,Zeta Markets,2023-10-15 03:13:49.197766
0.8043,18254.318,0.8047,2535.278,Zeta Markets,2023-10-15 03:13:49.197766
0.804,248.64,0.8049,6338.195,Zeta Markets,2023-10-15 03:13:49.197766
0.8039,1912.832,0.805,2735.1,Zeta Markets,2023-10-15 03:13:49.197766
0.803,2486.46,0.8053,19014.584,Zeta Markets,2023-10-15 03:13:49.197766
0.802,31080.75,0.8057,3950.343,Zeta Markets,2023-10-15 03:13:49.197766
0.801,24864.6,0.806,12432.3,Zeta Markets,2023-10-15 03:13:49.197766
0.792,372.96,0.807,18648.45,Zeta Markets,2023-10-15 03:13:49.197766
0.788,497.29,0.808,24864.6,Zeta Markets,2023-10-15 03:13:49.197766
0.786,621.61,0.816,372.96,Zeta Markets,2023-10-15 03:13:49.197766
0.784,745.93,0.82,497.29,Zeta Markets,2023-10-15 03:13:49.197766
0.782,870.26,0.822,621.61,Zeta Markets,2023-10-15 03:13:49.197766
0.01,0.01,0.824,745.93,Zeta Markets,2023-10-15 03:13:49.197766
0.0001,0.003,0.826,870.26,Zeta Markets,2023-10-15 03:13:49.197766
,,1.7,1.0,Zeta Markets,2023-10-15 03:13:49.197766
,,5.0,1.0,Zeta Markets,2023-10-15 03:13:49.197766
0.8031,27174.895,0.8032,248.99,Zeta Markets,2023-10-15 04:15:32.280230
0.803,248.99,0.8035,380.787,Zeta Markets,2023-10-15 04:15:32.280230
0.8029,1876.025,0.8036,2538.579,Zeta Markets,2023-10-15 04:15:32.280230
0.802,2489.92,0.8038,6346.447,Zeta Markets,2023-10-15 04:15:32.280230
0.801,12449.64,0.804,2489.92,Zeta Markets,2023-10-15 04:15:32.280230
0.8,43573.75,0.8042,19039.342,Zeta Markets,2023-10-15 04:15:32.280230
0.791,373.48,0.8046,3913.536,Zeta Markets,2023-10-15 04:15:32.280230
0.787,497.98,0.805,12449.64,Zeta Markets,2023-10-15 04:15:32.280230
0.785,622.48,0.806,18674.46,Zeta Markets,2023-10-15 04:15:32.280230
0.783,746.97,0.807,24899.29,Zeta Markets,2023-10-15 04:15:32.280230
0.781,871.47,0.815,373.48,Zeta Markets,2023-10-15 04:15:32.280230
0.01,0.01,0.819,497.98,Zeta Markets,2023-10-15 04:15:32.280230
0.0001,0.003,0.821,622.48,Zeta Markets,2023-10-15 04:15:32.280230
,,0.823,746.97,Zeta Markets,2023-10-15 04:15:32.280230
,,0.825,871.47,Zeta Markets,2023-10-15 04:15:32.280230
,,1.7,1.0,Zeta Markets,2023-10-15 04:15:32.280230
,,5.0,1.0,Zeta Markets,2023-10-15 04:15:32.280230
0.8035,8894.697,0.8036,629.701,Zeta Markets,2023-10-15 05:12:18.383374
0.8034,18276.774,0.8037,2538.272,Zeta Markets,2023-10-15 05:12:18.383374
0.803,2128.409,0.8039,6345.68,Zeta Markets,2023-10-15 05:12:18.383374
0.802,2489.63,0.804,2489.63,Zeta Markets,2023-10-15 05:12:18.383374
0.801,12448.18,0.8043,19037.039,Zeta Markets,2023-10-15 05:12:18.383374
0.8,43568.65,0.8047,3916.959,Zeta Markets,2023-10-15 05:12:18.383374
0.791,373.44,0.805,12448.18,Zeta Markets,2023-10-15 05:12:18.383374
0.787,497.92,0.806,18672.28,Zeta Markets,2023-10-15 05:12:18.383374
0.785,622.4,0.807,24896.37,Zeta Markets,2023-10-15 05:12:18.383374
0.783,746.89,0.815,373.44,Zeta Markets,2023-10-15 05:12:18.383374
0.781,871.37,0.819,497.92,Zeta Markets,2023-10-15 05:12:18.383374
0.01,0.01,0.821,622.4,Zeta Markets,2023-10-15 05:12:18.383374
,,0.823,746.89,Zeta Markets,2023-10-15 05:12:18.383374
,,0.825,871.37,Zeta Markets,2023-10-15 05:12:18.383374
,,1.7,1.0,Zeta Markets,2023-10-15 05:12:18.383374
,,5.0,1.0,Zeta Markets,2023-10-15 05:12:18.383374
0.8044,8884.575,0.8045,380.325,Zeta Markets,2023-10-15 06:17:18.016563
0.8043,18255.975,0.8046,2535.499,Zeta Markets,2023-10-15 06:17:18.016563
0.804,248.65,0.8047,248.65,Zeta Markets,2023-10-15 06:17:18.016563
0.8039,1910.369,0.8048,6338.747,Zeta Markets,2023-10-15 06:17:18.016563
0.803,2486.56,0.805,2486.56,Zeta Markets,2023-10-15 06:17:18.016563
0.802,12432.83,0.8052,19016.24,Zeta Markets,2023-10-15 06:17:18.016563
0.801,43514.9,0.8056,3947.88,Zeta Markets,2023-10-15 06:17:18.016563
0.792,372.98,0.806,12432.83,Zeta Markets,2023-10-15 06:17:18.016563
0.788,497.31,0.807,18649.24,Zeta Markets,2023-10-15 06:17:18.016563
0.786,621.64,0.808,24865.66,Zeta Markets,2023-10-15 06:17:18.016563
0.784,745.96,0.816,372.98,Zeta Markets,2023-10-15 06:17:18.016563
0.782,870.29,0.82,497.31,Zeta Markets,2023-10-15 06:17:18.016563
0.01,0.01,0.822,621.64,Zeta Markets,2023-10-15 06:17:18.016563
0.0001,0.003,0.824,745.96,Zeta Markets,2023-10-15 06:17:18.016563
,,0.826,870.29,Zeta Markets,2023-10-15 06:17:18.016563
,,1.7,1.0,Zeta Markets,2023-10-15 06:17:18.016563
,,5.0,1.0,Zeta Markets,2023-10-15 06:17:18.016563
0.8054,8872.954,0.8055,379.847,Zeta Markets,2023-10-15 07:11:33.782505
0.8053,18232.098,0.8056,2532.315,Zeta Markets,2023-10-15 07:11:33.782505
0.805,248.3,0.8058,6330.788,Zeta Markets,2023-10-15 07:11:33.782505
0.8049,1945.867,0.806,2731.35,Zeta Markets,2023-10-15 07:11:33.782505
0.804,2483.05,0.8062,18992.363,Zeta Markets,2023-10-15 07:11:33.782505
0.803,31038.18,0.8066,3983.378,Zeta Markets,2023-10-15 07:11:33.782505
0.802,24830.55,0.807,12415.27,Zeta Markets,2023-10-15 07:11:33.782505
0.793,372.45,0.808,18622.91,Zeta Markets,2023-10-15 07:11:33.782505
0.789,496.61,0.809,24830.55,Zeta Markets,2023-10-15 07:11:33.782505
0.787,620.76,0.817,372.45,Zeta Markets,2023-10-15 07:11:33.782505
0.785,744.91,0.821,496.61,Zeta Markets,2023-10-15 07:11:33.782505
0.783,869.06,0.823,620.76,Zeta Markets,2023-10-15 07:11:33.782505
0.01,0.01,0.825,744.91,Zeta Markets,2023-10-15 07:11:33.782505
,,0.827,869.06,Zeta Markets,2023-10-15 07:11:33.782505
,,1.7,1.0,Zeta Markets,2023-10-15 07:11:33.782505
,,5.0,1.0,Zeta Markets,2023-10-15 07:11:33.782505
0.8048,8879.695,0.8049,380.124,Zeta Markets,2023-10-15 08:15:47.300726
0.8047,18245.95,0.805,248.51,Zeta Markets,2023-10-15 08:15:47.300726
0.8043,1925.273,0.8051,2534.162,Zeta Markets,2023-10-15 08:15:47.300726
0.804,248.51,0.8052,6335.405,Zeta Markets,2023-10-15 08:15:47.300726
0.803,14910.86,0.8056,19006.215,Zeta Markets,2023-10-15 08:15:47.300726
0.802,18638.58,0.806,18873.644,Zeta Markets,2023-10-15 08:15:47.300726
0.801,24851.45,0.807,18638.58,Zeta Markets,2023-10-15 08:15:47.300726
0.792,372.77,0.808,24851.45,Zeta Markets,2023-10-15 08:15:47.300726
0.788,497.02,0.816,372.77,Zeta Markets,2023-10-15 08:15:47.300726
0.786,621.28,0.82,497.02,Zeta Markets,2023-10-15 08:15:47.300726
0.784,745.54,0.823,621.28,Zeta Markets,2023-10-15 08:15:47.300726
0.782,869.8,0.825,745.54,Zeta Markets,2023-10-15 08:15:47.300726
0.01,0.01,0.827,869.8,Zeta Markets,2023-10-15 08:15:47.300726
0.0001,0.003,1.7,1.0,Zeta Markets,2023-10-15 08:15:47.300726
,,5.0,1.0,Zeta Markets,2023-10-15 08:15:47.300726
0.8099,8822.029,0.81,624.665,Zeta Markets,2023-10-15 09:12:13.834668
0.8098,18127.458,0.8102,2518.363,Zeta Markets,2023-10-15 09:12:13.834668
0.8094,2101.431,0.8104,6295.908,Zeta Markets,2023-10-15 09:12:13.834668
0.809,2716.05,0.8108,18887.723,Zeta Markets,2023-10-15 09:12:13.834668
0.808,12345.72,0.811,2469.14,Zeta Markets,2023-10-15 09:12:13.834668
0.807,18518.58,0.8112,4138.942,Zeta Markets,2023-10-15 09:12:13.834668
0.806,24691.44,0.812,30864.3,Zeta Markets,2023-10-15 09:12:13.834668
0.797,370.37,0.813,24691.44,Zeta Markets,2023-10-15 09:12:13.834668
0.793,493.82,0.822,370.37,Zeta Markets,2023-10-15 09:12:13.834668
0.791,617.28,0.826,493.82,Zeta Markets,2023-10-15 09:12:13.834668
0.789,740.74,0.828,617.28,Zeta Markets,2023-10-15 09:12:13.834668
0.787,864.2,0.83,740.74,Zeta Markets,2023-10-15 09:12:13.834668
0.01,0.01,0.832,864.2,Zeta Markets,2023-10-15 09:12:13.834668
,,1.7,1.0,Zeta Markets,2023-10-15 09:12:13.834668
,,5.0,1.0,Zeta Markets,2023-10-15 09:12:13.834668
0.8059,8867.315,0.806,627.806,Zeta Markets,2023-10-15 10:13:31.086966
0.8058,18220.511,0.8062,2530.77,Zeta Markets,2023-10-15 10:13:31.086966
0.8054,1963.093,0.8063,6326.925,Zeta Markets,2023-10-15 10:13:31.086966
0.805,2730.11,0.8067,18980.776,Zeta Markets,2023-10-15 10:13:31.086966
0.804,12409.62,0.807,14891.54,Zeta Markets,2023-10-15 10:13:31.086966
0.803,18614.44,0.8071,4000.604,Zeta Markets,2023-10-15 10:13:31.086966
0.802,24819.25,0.808,18614.44,Zeta Markets,2023-10-15 10:13:31.086966
0.793,372.28,0.809,24819.25,Zeta Markets,2023-10-15 10:13:31.086966
0.789,496.38,0.817,372.28,Zeta Markets,2023-10-15 10:13:31.086966
0.787,620.48,0.822,496.38,Zeta Markets,2023-10-15 10:13:31.086966
0.785,744.57,0.824,620.48,Zeta Markets,2023-10-15 10:13:31.086966
0.783,868.67,0.826,744.57,Zeta Markets,2023-10-15 10:13:31.086966
0.01,0.01,0.828,868.67,Zeta Markets,2023-10-15 10:13:31.086966
,,1.7,1.0,Zeta Markets,2023-10-15 10:13:31.086966
,,5.0,1.0,Zeta Markets,2023-10-15 10:13:31.086966
0.8056,8870.563,0.8057,379.749,Zeta Markets,2023-10-15 11:10:28.595289
0.8055,18227.185,0.8059,2531.66,Zeta Markets,2023-10-15 11:10:28.595289
0.8051,1953.171,0.806,6577.32,Zeta Markets,2023-10-15 11:10:28.595289
0.805,2729.91,0.8064,18987.45,Zeta Markets,2023-10-15 11:10:28.595289
0.804,12408.7,0.8068,3990.682,Zeta Markets,2023-10-15 11:10:28.595289
0.803,18613.05,0.807,14890.44,Zeta Markets,2023-10-15 11:10:28.595289
0.802,24817.41,0.808,18613.05,Zeta Markets,2023-10-15 11:10:28.595289
0.793,372.26,0.809,24817.41,Zeta Markets,2023-10-15 11:10:28.595289
0.789,496.34,0.818,372.26,Zeta Markets,2023-10-15 11:10:28.595289
0.787,620.43,0.822,496.34,Zeta Markets,2023-10-15 11:10:28.595289
0.785,744.52,0.824,620.43,Zeta Markets,2023-10-15 11:10:28.595289
0.783,868.6,0.826,744.52,Zeta Markets,2023-10-15 11:10:28.595289
0.01,0.01,0.828,868.6,Zeta Markets,2023-10-15 11:10:28.595289
,,1.7,1.0,Zeta Markets,2023-10-15 11:10:28.595289
,,5.0,1.0,Zeta Markets,2023-10-15 11:10:28.595289
0.8026,8904.566,0.8027,381.146,Zeta Markets,2023-10-15 12:24:41.210869
0.8025,18297.055,0.8029,2540.976,Zeta Markets,2023-10-15 12:24:41.210869
0.8021,1849.297,0.803,9093.78,Zeta Markets,2023-10-15 12:24:41.210869
0.802,249.21,0.8034,19057.32,Zeta Markets,2023-10-15 12:24:41.210869
0.801,2492.13,0.8038,3886.808,Zeta Markets,2023-10-15 12:24:41.210869
0.8,31151.68,0.804,12460.67,Zeta Markets,2023-10-15 12:24:41.210869
0.799,24921.35,0.805,18691.01,Zeta Markets,2023-10-15 12:24:41.210869
0.79,373.82,0.806,24921.35,Zeta Markets,2023-10-15 12:24:41.210869
0.786,498.42,0.814,373.82,Zeta Markets,2023-10-15 12:24:41.210869
0.784,623.03,0.818,498.42,Zeta Markets,2023-10-15 12:24:41.210869
0.782,747.64,0.82,623.03,Zeta Markets,2023-10-15 12:24:41.210869
0.78,872.24,0.822,747.64,Zeta Markets,2023-10-15 12:24:41.210869
0.01,0.01,0.824,872.24,Zeta Markets,2023-10-15 12:24:41.210869
,,1.7,1.0,Zeta Markets,2023-10-15 12:24:41.210869
,,5.0,1.0,Zeta Markets,2023-10-15 12:24:41.210869
0.8019,9143.26,0.802,631.548,Zeta Markets,2023-10-15 13:14:31.459791
0.8018,18275.198,0.8022,2548.121,Zeta Markets,2023-10-15 13:14:31.459791
0.8014,1724.621,0.8023,6370.302,Zeta Markets,2023-10-15 13:14:31.459791
0.801,2493.33,0.8027,19110.905,Zeta Markets,2023-10-15 13:14:31.459791
0.8,12466.65,0.803,2493.33,Zeta Markets,2023-10-15 13:14:31.459791
0.799,18699.97,0.8031,3964.315,Zeta Markets,2023-10-15 13:14:31.459791
0.798,24933.3,0.804,12466.65,Zeta Markets,2023-10-15 13:14:31.459791
0.79,373.99,0.805,43633.27,Zeta Markets,2023-10-15 13:14:31.459791
0.786,498.66,0.814,373.99,Zeta Markets,2023-10-15 13:14:31.459791
0.784,623.33,0.818,498.66,Zeta Markets,2023-10-15 13:14:31.459791
0.782,747.99,0.82,623.33,Zeta Markets,2023-10-15 13:14:31.459791
0.78,872.66,0.822,747.99,Zeta Markets,2023-10-15 13:14:31.459791
0.01,0.01,0.824,872.66,Zeta Markets,2023-10-15 13:14:31.459791
,,1.7,1.0,Zeta Markets,2023-10-15 13:14:31.459791
,,5.0,1.0,Zeta Markets,2023-10-15 13:14:31.459791
0.8002,8913.78,0.8003,383.034,Zeta Markets,2023-10-15 14:11:24.756149
0.8,18315.986,0.8005,2553.559,Zeta Markets,2023-10-15 14:11:24.756149
0.7996,1663.983,0.8007,6383.898,Zeta Markets,2023-10-15 14:11:24.756149
0.799,249.91,0.801,249.91,Zeta Markets,2023-10-15 14:11:24.756149
0.798,2499.17,0.8011,19151.693,Zeta Markets,2023-10-15 14:11:24.756149
0.796,12495.89,0.8015,3903.678,Zeta Markets,2023-10-15 14:11:24.756149
0.795,18743.84,0.802,2499.17,Zeta Markets,2023-10-15 14:11:24.756149
0.793,24991.79,0.804,12495.89,Zeta Markets,2023-10-15 14:11:24.756149
0.776,374.87,0.805,18743.84,Zeta Markets,2023-10-15 14:11:24.756149
0.768,499.83,0.807,24991.79,Zeta Markets,2023-10-15 14:11:24.756149
0.764,624.79,0.824,374.87,Zeta Markets,2023-10-15 14:11:24.756149
0.76,749.75,0.832,499.83,Zeta Markets,2023-10-15 14:11:24.756149
0.756,874.71,0.836,624.79,Zeta Markets,2023-10-15 14:11:24.756149
0.01,0.01,0.84,749.75,Zeta Markets,2023-10-15 14:11:24.756149
,,0.844,874.71,Zeta Markets,2023-10-15 14:11:24.756149
,,1.7,1.0,Zeta Markets,2023-10-15 14:11:24.756149
,,5.0,1.0,Zeta Markets,2023-10-15 14:11:24.756149
0.7986,8932.027,0.7987,383.784,Zeta Markets,2023-10-15 15:12:24.891486
0.7984,18353.479,0.7989,2558.558,Zeta Markets,2023-10-15 15:12:24.891486
0.798,1858.683,0.799,9151.325,Zeta Markets,2023-10-15 15:12:24.891486
0.797,2504.49,0.7994,19189.186,Zeta Markets,2023-10-15 15:12:24.891486
0.796,31306.2,0.7998,3847.938,Zeta Markets,2023-10-15 15:12:24.891486
0.795,25044.96,0.8,12522.48,Zeta Markets,2023-10-15 15:12:24.891486
0.786,375.67,0.801,18783.72,Zeta Markets,2023-10-15 15:12:24.891486
0.782,500.89,0.802,25044.96,Zeta Markets,2023-10-15 15:12:24.891486
0.78,626.12,0.81,375.67,Zeta Markets,2023-10-15 15:12:24.891486
0.778,751.34,0.814,500.89,Zeta Markets,2023-10-15 15:12:24.891486
0.776,876.57,0.816,626.12,Zeta Markets,2023-10-15 15:12:24.891486
0.01,0.01,0.818,751.34,Zeta Markets,2023-10-15 15:12:24.891486
,,0.82,876.57,Zeta Markets,2023-10-15 15:12:24.891486
,,1.7,1.0,Zeta Markets,2023-10-15 15:12:24.891486
,,5.0,1.0,Zeta Markets,2023-10-15 15:12:24.891486
0.7979,8940.313,0.798,634.804,Zeta Markets,2023-10-15 16:16:02.972093
0.7977,18370.506,0.7981,2560.828,Zeta Markets,2023-10-15 16:16:02.972093
0.7973,1582.93,0.7983,6402.071,Zeta Markets,2023-10-15 16:16:02.972093
0.797,250.68,0.7987,19206.213,Zeta Markets,2023-10-15 16:16:02.972093
0.796,15041.26,0.799,15041.26,Zeta Markets,2023-10-15 16:16:02.972093
0.795,18801.59,0.7991,3822.624,Zeta Markets,2023-10-15 16:16:02.972093
0.794,25068.79,0.8,18801.59,Zeta Markets,2023-10-15 16:16:02.972093
0.785,376.03,0.801,25068.79,Zeta Markets,2023-10-15 16:16:02.972093
0.781,501.37,0.809,376.03,Zeta Markets,2023-10-15 16:16:02.972093
0.779,626.71,0.813,501.37,Zeta Markets,2023-10-15 16:16:02.972093
0.778,752.06,0.815,626.71,Zeta Markets,2023-10-15 16:16:02.972093
0.776,877.4,0.817,752.06,Zeta Markets,2023-10-15 16:16:02.972093
0.01,0.01,0.819,877.4,Zeta Markets,2023-10-15 16:16:02.972093
,,1.7,1.0,Zeta Markets,2023-10-15 16:16:02.972093
,,5.0,1.0,Zeta Markets,2023-10-15 16:16:02.972093
0.8015,8899.437,0.8016,382.445,Zeta Markets,2023-10-15 17:11:59.001326
0.8013,18286.516,0.8017,2549.63,Zeta Markets,2023-10-15 17:11:59.001326
0.801,249.48,0.8019,6374.074,Zeta Markets,2023-10-15 17:11:59.001326
0.8009,1707.795,0.802,2744.29,Zeta Markets,2023-10-15 17:11:59.001326
0.8,14968.86,0.8023,19122.223,Zeta Markets,2023-10-15 17:11:59.001326
0.799,18711.08,0.8027,3947.49,Zeta Markets,2023-10-15 17:11:59.001326
0.798,24948.1,0.803,12474.05,Zeta Markets,2023-10-15 17:11:59.001326
0.789,374.22,0.804,18711.08,Zeta Markets,2023-10-15 17:11:59.001326
0.785,498.96,0.805,24948.1,Zeta Markets,2023-10-15 17:11:59.001326
0.783,623.7,0.813,374.22,Zeta Markets,2023-10-15 17:11:59.001326
0.781,748.44,0.817,498.96,Zeta Markets,2023-10-15 17:11:59.001326
0.779,873.18,0.819,623.7,Zeta Markets,2023-10-15 17:11:59.001326
0.01,0.01,0.821,748.44,Zeta Markets,2023-10-15 17:11:59.001326
,,0.823,873.18,Zeta Markets,2023-10-15 17:11:59.001326
,,1.7,1.0,Zeta Markets,2023-10-15 17:11:59.001326
,,5.0,1.0,Zeta Markets,2023-10-15 17:11:59.001326
0.8017,8896.043,0.8018,382.305,Zeta Markets,2023-10-15 18:16:41.609684
0.8016,18279.541,0.802,5293.05,Zeta Markets,2023-10-15 18:16:41.609684
0.8012,1718.165,0.8021,6371.749,Zeta Markets,2023-10-15 18:16:41.609684
0.801,249.48,0.8025,19115.248,Zeta Markets,2023-10-15 18:16:41.609684
0.8,14969.26,0.8029,3957.859,Zeta Markets,2023-10-15 18:16:41.609684
0.799,18711.58,0.803,12474.39,Zeta Markets,2023-10-15 18:16:41.609684
0.798,24948.78,0.804,18711.58,Zeta Markets,2023-10-15 18:16:41.609684
0.789,374.23,0.805,24948.78,Zeta Markets,2023-10-15 18:16:41.609684
0.785,498.97,0.813,374.23,Zeta Markets,2023-10-15 18:16:41.609684
0.783,623.71,0.817,498.97,Zeta Markets,2023-10-15 18:16:41.609684
0.781,748.46,0.819,623.71,Zeta Markets,2023-10-15 18:16:41.609684
0.779,873.2,0.821,748.46,Zeta Markets,2023-10-15 18:16:41.609684
0.01,0.01,0.823,873.2,Zeta Markets,2023-10-15 18:16:41.609684
,,1.7,1.0,Zeta Markets,2023-10-15 18:16:41.609684
,,5.0,1.0,Zeta Markets,2023-10-15 18:16:41.609684
0.8052,27049.916,0.8053,248.38,Zeta Markets,2023-10-15 19:10:20.006632
0.805,248.38,0.8054,380.614,Zeta Markets,2023-10-15 19:10:20.006632
0.8049,1843.833,0.8056,2537.429,Zeta Markets,2023-10-15 19:10:20.006632
0.804,2483.89,0.8058,6343.573,Zeta Markets,2023-10-15 19:10:20.006632
0.803,12419.46,0.806,2483.89,Zeta Markets,2023-10-15 19:10:20.006632
0.802,43468.11,0.8062,19030.718,Zeta Markets,2023-10-15 19:10:20.006632
0.793,372.58,0.8066,4083.528,Zeta Markets,2023-10-15 19:10:20.006632
0.789,496.77,0.807,12419.46,Zeta Markets,2023-10-15 19:10:20.006632
0.787,620.97,0.808,43468.11,Zeta Markets,2023-10-15 19:10:20.006632
0.785,745.16,0.817,372.58,Zeta Markets,2023-10-15 19:10:20.006632
0.783,869.36,0.821,496.77,Zeta Markets,2023-10-15 19:10:20.006632
0.01,0.01,0.823,620.97,Zeta Markets,2023-10-15 19:10:20.006632
,,0.825,745.16,Zeta Markets,2023-10-15 19:10:20.006632
,,0.827,869.36,Zeta Markets,2023-10-15 19:10:20.006632
,,1.7,1.0,Zeta Markets,2023-10-15 19:10:20.006632
,,5.0,1.0,Zeta Markets,2023-10-15 19:10:20.006632
0.8036,8874.949,0.8037,381.438,Zeta Markets,2023-10-15 20:13:28.691963
0.8035,18236.197,0.8039,2542.921,Zeta Markets,2023-10-15 20:13:28.691963
0.8031,1782.603,0.804,9095.271,Zeta Markets,2023-10-15 20:13:28.691963
0.803,248.9,0.8044,19071.904,Zeta Markets,2023-10-15 20:13:28.691963
0.802,2489.07,0.8048,4022.298,Zeta Markets,2023-10-15 20:13:28.691963
0.801,31113.38,0.805,12445.35,Zeta Markets,2023-10-15 20:13:28.691963
0.8,24890.71,0.806,18668.03,Zeta Markets,2023-10-15 20:13:28.691963
0.791,373.35,0.807,24890.71,Zeta Markets,2023-10-15 20:13:28.691963
0.787,497.81,0.815,373.35,Zeta Markets,2023-10-15 20:13:28.691963
0.785,622.26,0.819,497.81,Zeta Markets,2023-10-15 20:13:28.691963
0.783,746.71,0.821,622.26,Zeta Markets,2023-10-15 20:13:28.691963
0.781,871.17,0.823,746.71,Zeta Markets,2023-10-15 20:13:28.691963
0.01,0.01,0.825,871.17,Zeta Markets,2023-10-15 20:13:28.691963
,,1.7,1.0,Zeta Markets,2023-10-15 20:13:28.691963
,,5.0,1.0,Zeta Markets,2023-10-15 20:13:28.691963
0.8042,8867.197,0.8045,381.12,Zeta Markets,2023-10-15 21:11:21.407144
0.8041,18220.269,0.8046,2540.797,Zeta Markets,2023-10-15 21:11:21.407144
0.8037,1806.282,0.8048,6351.992,Zeta Markets,2023-10-15 21:11:21.407144
0.01,0.01,0.8052,19055.976,Zeta Markets,2023-10-15 21:11:21.407144
,,0.8056,4045.976,Zeta Markets,2023-10-15 21:11:21.407144
,,1.7,1.0,Zeta Markets,2023-10-15 21:11:21.407144
,,5.0,1.0,Zeta Markets,2023-10-15 21:11:21.407144
0.8055,8853.206,0.8056,380.545,Zeta Markets,2023-10-15 22:12:13.474380
0.8054,18191.521,0.8057,248.33,Zeta Markets,2023-10-15 22:12:13.474380
0.805,2097.351,0.8058,2536.964,Zeta Markets,2023-10-15 22:12:13.474380
0.804,2483.35,0.8059,6342.409,Zeta Markets,2023-10-15 22:12:13.474380
0.803,31041.88,0.806,2483.35,Zeta Markets,2023-10-15 22:12:13.474380
0.802,24833.51,0.8063,19027.228,Zeta Markets,2023-10-15 22:12:13.474380
0.793,372.5,0.8067,4088.715,Zeta Markets,2023-10-15 22:12:13.474380
0.789,496.67,0.807,12416.75,Zeta Markets,2023-10-15 22:12:13.474380
0.787,620.83,0.808,18625.13,Zeta Markets,2023-10-15 22:12:13.474380
0.785,745.0,0.809,24833.51,Zeta Markets,2023-10-15 22:12:13.474380
0.783,869.17,0.817,372.5,Zeta Markets,2023-10-15 22:12:13.474380
0.01,0.01,0.821,496.67,Zeta Markets,2023-10-15 22:12:13.474380
,,0.823,620.83,Zeta Markets,2023-10-15 22:12:13.474380
,,0.825,745.0,Zeta Markets,2023-10-15 22:12:13.474380
,,0.827,869.17,Zeta Markets,2023-10-15 22:12:13.474380
,,1.7,1.0,Zeta Markets,2023-10-15 22:12:13.474380
,,5.0,1.0,Zeta Markets,2023-10-15 22:12:13.474380
0.8008,8906.822,0.8009,382.748,Zeta Markets,2023-10-15 23:13:15.266979
0.8006,18301.687,0.801,5300.183,Zeta Markets,2023-10-15 23:13:15.266979
0.8002,1685.24,0.8012,6379.131,Zeta Markets,2023-10-15 23:13:15.266979
0.8,249.86,0.8016,19137.394,Zeta Markets,2023-10-15 23:13:15.266979
0.799,2498.67,0.802,16418.315,Zeta Markets,2023-10-15 23:13:15.266979
0.798,31233.45,0.803,18740.07,Zeta Markets,2023-10-15 23:13:15.266979
0.797,24986.77,0.804,24986.77,Zeta Markets,2023-10-15 23:13:15.266979
0.788,374.8,0.812,374.8,Zeta Markets,2023-10-15 23:13:15.266979
0.784,499.73,0.816,499.73,Zeta Markets,2023-10-15 23:13:15.266979
0.782,624.66,0.818,624.66,Zeta Markets,2023-10-15 23:13:15.266979
0.78,749.6,0.82,749.6,Zeta Markets,2023-10-15 23:13:15.266979
0.778,874.53,0.822,874.53,Zeta Markets,2023-10-15 23:13:15.266979
0.01,0.01,1.7,1.0,Zeta Markets,2023-10-15 23:13:15.266979
,,5.0,1.0,Zeta Markets,2023-10-15 23:13:15.266979
0.8066,8797.566,0.8067,381.795,Zeta Markets,2023-10-16 01:01:43.007436
0.8064,18077.19,0.8069,2545.298,Zeta Markets,2023-10-16 01:01:43.007436
0.806,1898.579,0.807,6611.245,Zeta Markets,2023-10-16 01:01:43.007436
0.804,2480.07,0.8075,19089.736,Zeta Markets,2023-10-16 01:01:43.007436
0.802,12400.38,0.8079,4364.201,Zeta Markets,2023-10-16 01:01:43.007436
0.801,18600.57,0.808,2480.07,Zeta Markets,2023-10-16 01:01:43.007436
0.799,24800.77,0.81,12400.38,Zeta Markets,2023-10-16 01:01:43.007436
0.782,372.01,0.812,18600.57,Zeta Markets,2023-10-16 01:01:43.007436
0.774,496.01,0.813,24800.77,Zeta Markets,2023-10-16 01:01:43.007436
0.77,620.01,0.83,372.01,Zeta Markets,2023-10-16 01:01:43.007436
0.766,744.02,0.838,496.01,Zeta Markets,2023-10-16 01:01:43.007436
0.762,868.02,0.843,620.01,Zeta Markets,2023-10-16 01:01:43.007436
0.01,0.01,0.847,744.02,Zeta Markets,2023-10-16 01:01:43.007436
0.0001,0.003,0.851,868.02,Zeta Markets,2023-10-16 01:01:43.007436
,,1.7,1.0,Zeta Markets,2023-10-16 01:01:43.007436
,,5.0,1.0,Zeta Markets,2023-10-16 01:01:43.007436
0.8129,26898.903,0.813,245.93,Zeta Markets,2023-10-16 02:22:51.936469
0.8126,1872.362,0.8132,378.811,Zeta Markets,2023-10-16 02:22:51.936469
0.812,2459.32,0.8134,2525.407,Zeta Markets,2023-10-16 02:22:51.936469
0.811,12296.6,0.8135,6313.518,Zeta Markets,2023-10-16 02:22:51.936469
0.81,43038.11,0.8139,18940.554,Zeta Markets,2023-10-16 02:22:51.936469
0.801,368.89,0.814,2459.32,Zeta Markets,2023-10-16 02:22:51.936469
0.797,491.86,0.8144,4585.984,Zeta Markets,2023-10-16 02:22:51.936469
0.795,614.83,0.815,12296.6,Zeta Markets,2023-10-16 02:22:51.936469
0.793,737.79,0.816,18444.9,Zeta Markets,2023-10-16 02:22:51.936469
0.791,860.76,0.817,24593.21,Zeta Markets,2023-10-16 02:22:51.936469
0.01,0.01,0.825,368.89,Zeta Markets,2023-10-16 02:22:51.936469
,,0.829,491.86,Zeta Markets,2023-10-16 02:22:51.936469
,,0.831,614.83,Zeta Markets,2023-10-16 02:22:51.936469
,,0.833,737.79,Zeta Markets,2023-10-16 02:22:51.936469
,,0.835,860.76,Zeta Markets,2023-10-16 02:22:51.936469
,,1.7,1.0,Zeta Markets,2023-10-16 02:22:51.936469
,,5.0,1.0,Zeta Markets,2023-10-16 02:22:51.936469
0.81,8709.564,0.8101,629.171,Zeta Markets,2023-10-16 03:14:36.769699
0.8099,17896.364,0.8102,2548.476,Zeta Markets,2023-10-16 03:14:36.769699
0.8094,1493.037,0.8104,6371.189,Zeta Markets,2023-10-16 03:14:36.769699
0.809,2715.97,0.8108,19113.567,Zeta Markets,2023-10-16 03:14:36.769699
0.808,12345.39,0.811,2469.07,Zeta Markets,2023-10-16 03:14:36.769699
0.807,18518.09,0.8112,4755.143,Zeta Markets,2023-10-16 03:14:36.769699
0.806,24690.78,0.812,30863.48,Zeta Markets,2023-10-16 03:14:36.769699
0.797,370.36,0.813,24690.78,Zeta Markets,2023-10-16 03:14:36.769699
0.793,493.81,0.822,370.36,Zeta Markets,2023-10-16 03:14:36.769699
0.791,617.26,0.826,493.81,Zeta Markets,2023-10-16 03:14:36.769699
0.789,740.72,0.828,617.26,Zeta Markets,2023-10-16 03:14:36.769699
0.787,864.17,0.83,740.72,Zeta Markets,2023-10-16 03:14:36.769699
0.01,0.01,0.832,864.17,Zeta Markets,2023-10-16 03:14:36.769699
,,1.7,1.0,Zeta Markets,2023-10-16 03:14:36.769699
,,5.0,1.0,Zeta Markets,2023-10-16 03:14:36.769699
0.8118,8605.715,0.8119,384.853,Zeta Markets,2023-10-16 04:16:37.448940
0.8116,17682.974,0.812,2812.074,Zeta Markets,2023-10-16 04:16:37.448940
0.8112,1096.829,0.8122,6414.211,Zeta Markets,2023-10-16 04:16:37.448940
0.811,246.39,0.8126,19242.632,Zeta Markets,2023-10-16 04:16:37.448940
0.81,14783.65,0.813,20060.362,Zeta Markets,2023-10-16 04:16:37.448940
0.809,18479.57,0.814,18479.57,Zeta Markets,2023-10-16 04:16:37.448940
0.808,24639.43,0.815,24639.43,Zeta Markets,2023-10-16 04:16:37.448940
0.799,369.59,0.823,369.59,Zeta Markets,2023-10-16 04:16:37.448940
0.795,492.78,0.828,492.78,Zeta Markets,2023-10-16 04:16:37.448940
0.793,615.98,0.83,615.98,Zeta Markets,2023-10-16 04:16:37.448940
0.791,739.18,0.832,739.18,Zeta Markets,2023-10-16 04:16:37.448940
0.789,862.38,0.834,862.38,Zeta Markets,2023-10-16 04:16:37.448940
0.01,0.01,1.7,1.0,Zeta Markets,2023-10-16 04:16:37.448940
,,5.0,1.0,Zeta Markets,2023-10-16 04:16:37.448940
0.815,26444.715,0.8155,382.776,Zeta Markets,2023-10-16 05:13:26.425962
0.8148,1277.3,0.8156,2551.842,Zeta Markets,2023-10-16 05:13:26.425962
0.814,2452.78,0.8158,6379.605,Zeta Markets,2023-10-16 05:13:26.425962
0.813,12263.92,0.816,2698.05,Zeta Markets,2023-10-16 05:13:26.425962
0.812,42923.72,0.8162,19138.814,Zeta Markets,2023-10-16 05:13:26.425962
0.803,367.91,0.8166,5339.828,Zeta Markets,2023-10-16 05:13:26.425962
0.799,490.55,0.817,12263.92,Zeta Markets,2023-10-16 05:13:26.425962
0.797,613.19,0.818,18395.88,Zeta Markets,2023-10-16 05:13:26.425962
0.795,735.83,0.819,24527.84,Zeta Markets,2023-10-16 05:13:26.425962
0.793,858.47,0.827,367.91,Zeta Markets,2023-10-16 05:13:26.425962
0.01,0.01,0.831,490.55,Zeta Markets,2023-10-16 05:13:26.425962
,,0.833,613.19,Zeta Markets,2023-10-16 05:13:26.425962
,,0.835,735.83,Zeta Markets,2023-10-16 05:13:26.425962
,,0.838,858.47,Zeta Markets,2023-10-16 05:13:26.425962
,,1.7,1.0,Zeta Markets,2023-10-16 05:13:26.425962
,,5.0,1.0,Zeta Markets,2023-10-16 05:13:26.425962
0.8235,8375.148,0.8236,383.683,Zeta Markets,2023-10-16 06:19:17.582171
0.8234,17209.209,0.8238,2557.886,Zeta Markets,2023-10-16 06:19:17.582171
0.823,1178.834,0.8239,6394.714,Zeta Markets,2023-10-16 06:19:17.582171
0.822,14570.17,0.824,2671.19,Zeta Markets,2023-10-16 06:19:17.582171
0.821,18212.72,0.8243,19184.142,Zeta Markets,2023-10-16 06:19:17.582171
0.82,24283.63,0.8248,6228.824,Zeta Markets,2023-10-16 06:19:17.582171
0.811,364.25,0.825,12141.81,Zeta Markets,2023-10-16 06:19:17.582171
0.807,485.67,0.826,18212.72,Zeta Markets,2023-10-16 06:19:17.582171
0.805,607.09,0.827,24283.63,Zeta Markets,2023-10-16 06:19:17.582171
0.803,728.5,0.836,364.25,Zeta Markets,2023-10-16 06:19:17.582171
0.801,849.92,0.84,485.67,Zeta Markets,2023-10-16 06:19:17.582171
0.01,0.01,0.842,607.09,Zeta Markets,2023-10-16 06:19:17.582171
,,0.844,728.5,Zeta Markets,2023-10-16 06:19:17.582171
,,0.846,849.92,Zeta Markets,2023-10-16 06:19:17.582171
,,1.7,1.0,Zeta Markets,2023-10-16 06:19:17.582171
,,5.0,1.0,Zeta Markets,2023-10-16 06:19:17.582171
0.8215,8301.732,0.8216,388.367,Zeta Markets,2023-10-16 07:13:19.730978
0.8214,17058.352,0.8218,2589.111,Zeta Markets,2023-10-16 07:13:19.730978
0.821,601.492,0.822,6716.167,Zeta Markets,2023-10-16 07:13:19.730978
0.82,14603.46,0.8224,19418.33,Zeta Markets,2023-10-16 07:13:19.730978
0.819,18254.33,0.8228,6682.841,Zeta Markets,2023-10-16 07:13:19.730978
0.818,24339.11,0.823,14603.46,Zeta Markets,2023-10-16 07:13:19.730978
0.809,365.08,0.824,18254.33,Zeta Markets,2023-10-16 07:13:19.730978
0.805,486.78,0.825,24339.11,Zeta Markets,2023-10-16 07:13:19.730978
0.803,608.47,0.834,365.08,Zeta Markets,2023-10-16 07:13:19.730978
0.801,730.17,0.838,486.78,Zeta Markets,2023-10-16 07:13:19.730978
0.799,851.86,0.84,608.47,Zeta Markets,2023-10-16 07:13:19.730978
0.01,0.01,0.842,730.17,Zeta Markets,2023-10-16 07:13:19.730978
,,0.844,851.86,Zeta Markets,2023-10-16 07:13:19.730978
,,1.7,1.0,Zeta Markets,2023-10-16 07:13:19.730978
,,5.0,1.0,Zeta Markets,2023-10-16 07:13:19.730978
0.8224,8296.833,0.8225,387.914,Zeta Markets,2023-10-16 08:18:34.525283
0.8221,17048.287,0.8226,2586.091,Zeta Markets,2023-10-16 08:18:34.525283
0.822,243.16,0.8228,6465.228,Zeta Markets,2023-10-16 08:18:34.525283
0.8217,399.273,0.823,243.16,Zeta Markets,2023-10-16 08:18:34.525283
0.82,2431.66,0.8232,19395.684,Zeta Markets,2023-10-16 08:18:34.525283
0.819,12158.31,0.8236,6690.3,Zeta Markets,2023-10-16 08:18:34.525283
0.817,18237.46,0.824,2431.66,Zeta Markets,2023-10-16 08:18:34.525283
0.815,24316.62,0.826,12158.31,Zeta Markets,2023-10-16 08:18:34.525283
0.797,364.74,0.828,18237.46,Zeta Markets,2023-10-16 08:18:34.525283
0.789,486.33,0.829,24316.62,Zeta Markets,2023-10-16 08:18:34.525283
0.785,607.91,0.847,364.74,Zeta Markets,2023-10-16 08:18:34.525283
0.781,729.49,0.855,486.33,Zeta Markets,2023-10-16 08:18:34.525283
0.777,851.08,0.859,607.91,Zeta Markets,2023-10-16 08:18:34.525283
0.01,0.01,0.864,729.49,Zeta Markets,2023-10-16 08:18:34.525283
,,0.868,851.08,Zeta Markets,2023-10-16 08:18:34.525283
,,1.7,1.0,Zeta Markets,2023-10-16 08:18:34.525283
,,5.0,1.0,Zeta Markets,2023-10-16 08:18:34.525283
0.8166,8406.852,0.8167,388.555,Zeta Markets,2023-10-16 09:15:02.504427
0.8164,17274.354,0.8168,2590.369,Zeta Markets,2023-10-16 09:15:02.504427
0.816,712.227,0.817,6720.833,Zeta Markets,2023-10-16 09:15:02.504427
0.815,14694.9,0.8174,19427.769,Zeta Markets,2023-10-16 09:15:02.504427
0.814,18368.63,0.8178,6238.47,Zeta Markets,2023-10-16 09:15:02.504427
0.813,24491.51,0.818,14694.9,Zeta Markets,2023-10-16 09:15:02.504427
0.804,367.37,0.819,18368.63,Zeta Markets,2023-10-16 09:15:02.504427
0.8,489.83,0.82,24491.51,Zeta Markets,2023-10-16 09:15:02.504427
0.798,612.28,0.828,367.37,Zeta Markets,2023-10-16 09:15:02.504427
0.796,734.74,0.833,489.83,Zeta Markets,2023-10-16 09:15:02.504427
0.794,857.2,0.835,612.28,Zeta Markets,2023-10-16 09:15:02.504427
0.01,0.01,0.837,734.74,Zeta Markets,2023-10-16 09:15:02.504427
,,0.839,857.2,Zeta Markets,2023-10-16 09:15:02.504427
,,1.7,1.0,Zeta Markets,2023-10-16 09:15:02.504427
,,5.0,1.0,Zeta Markets,2023-10-16 09:15:02.504427
0.8184,8367.194,0.8185,388.472,Zeta Markets,2023-10-16 10:15:34.338308
0.8183,17192.865,0.8187,2589.813,Zeta Markets,2023-10-16 10:15:34.338308
0.818,244.34,0.8189,6474.532,Zeta Markets,2023-10-16 10:15:34.338308
0.8179,427.388,0.819,2687.8,Zeta Markets,2023-10-16 10:15:34.338308
0.817,14660.76,0.8193,19423.596,Zeta Markets,2023-10-16 10:15:34.338308
0.816,18325.95,0.8197,6405.75,Zeta Markets,2023-10-16 10:15:34.338308
0.815,24434.6,0.82,12217.3,Zeta Markets,2023-10-16 10:15:34.338308
0.806,366.51,0.821,18325.95,Zeta Markets,2023-10-16 10:15:34.338308
0.802,488.69,0.822,24434.6,Zeta Markets,2023-10-16 10:15:34.338308
0.8,610.86,0.83,366.51,Zeta Markets,2023-10-16 10:15:34.338308
0.798,733.03,0.834,488.69,Zeta Markets,2023-10-16 10:15:34.338308
0.796,855.21,0.837,610.86,Zeta Markets,2023-10-16 10:15:34.338308
0.01,0.01,0.839,733.03,Zeta Markets,2023-10-16 10:15:34.338308
,,0.841,855.21,Zeta Markets,2023-10-16 10:15:34.338308
,,1.7,1.0,Zeta Markets,2023-10-16 10:15:34.338308
,,5.0,1.0,Zeta Markets,2023-10-16 10:15:34.338308
0.818,8666.125,0.8181,631.129,Zeta Markets,2023-10-16 11:12:12.181597
0.8179,17304.73,0.8183,2577.59,Zeta Markets,2023-10-16 11:12:12.181597
0.8175,685.114,0.8185,6443.975,Zeta Markets,2023-10-16 11:12:12.181597
0.817,2444.94,0.8189,19331.926,Zeta Markets,2023-10-16 11:12:12.181597
0.816,12224.73,0.819,2444.94,Zeta Markets,2023-10-16 11:12:12.181597
0.815,18337.09,0.8193,6118.0,Zeta Markets,2023-10-16 11:12:12.181597
0.814,24449.46,0.82,12224.73,Zeta Markets,2023-10-16 11:12:12.181597
0.805,366.74,0.821,42786.55,Zeta Markets,2023-10-16 11:12:12.181597
0.801,488.98,0.83,366.74,Zeta Markets,2023-10-16 11:12:12.181597
0.799,611.23,0.834,488.98,Zeta Markets,2023-10-16 11:12:12.181597
0.797,733.48,0.836,611.23,Zeta Markets,2023-10-16 11:12:12.181597
0.795,855.73,0.838,733.48,Zeta Markets,2023-10-16 11:12:12.181597
0.01,0.01,0.84,855.73,Zeta Markets,2023-10-16 11:12:12.181597
,,1.7,1.0,Zeta Markets,2023-10-16 11:12:12.181597
,,5.0,1.0,Zeta Markets,2023-10-16 11:12:12.181597
0.8205,8390.744,0.8206,385.73,Zeta Markets,2023-10-16 12:28:07.469219
0.8204,17241.256,0.8207,2571.534,Zeta Markets,2023-10-16 12:28:07.469219
0.82,243.73,0.8209,6428.834,Zeta Markets,2023-10-16 12:28:07.469219
0.8199,741.873,0.821,243.73,Zeta Markets,2023-10-16 12:28:07.469219
0.819,14623.98,0.8213,19286.503,Zeta Markets,2023-10-16 12:28:07.469219
0.818,18279.98,0.8217,6223.135,Zeta Markets,2023-10-16 12:28:07.469219
0.817,24373.3,0.822,14623.98,Zeta Markets,2023-10-16 12:28:07.469219
0.808,365.59,0.823,18279.98,Zeta Markets,2023-10-16 12:28:07.469219
0.804,487.46,0.824,24373.3,Zeta Markets,2023-10-16 12:28:07.469219
0.802,609.33,0.832,365.59,Zeta Markets,2023-10-16 12:28:07.469219
0.8,731.19,0.837,487.46,Zeta Markets,2023-10-16 12:28:07.469219
0.798,853.06,0.839,609.33,Zeta Markets,2023-10-16 12:28:07.469219
0.01,0.01,0.841,731.19,Zeta Markets,2023-10-16 12:28:07.469219
,,0.843,853.06,Zeta Markets,2023-10-16 12:28:07.469219
,,1.7,1.0,Zeta Markets,2023-10-16 12:28:07.469219
,,5.0,1.0,Zeta Markets,2023-10-16 12:28:07.469219
0.819,8619.785,0.8191,631.794,Zeta Markets,2023-10-16 13:18:30.535533
0.8189,17210.229,0.8192,2584.357,Zeta Markets,2023-10-16 13:18:30.535533
0.8185,522.994,0.8194,6460.893,Zeta Markets,2023-10-16 13:18:30.535533
0.818,2441.4,0.8198,19382.679,Zeta Markets,2023-10-16 13:18:30.535533
0.817,12207.03,0.82,2441.4,Zeta Markets,2023-10-16 13:18:30.535533
0.816,42724.6,0.8202,6345.158,Zeta Markets,2023-10-16 13:18:30.535533
0.806,366.29,0.821,12207.03,Zeta Markets,2023-10-16 13:18:30.535533
0.802,488.38,0.822,18310.54,Zeta Markets,2023-10-16 13:18:30.535533
0.8,610.48,0.823,24414.06,Zeta Markets,2023-10-16 13:18:30.535533
0.798,732.58,0.831,366.29,Zeta Markets,2023-10-16 13:18:30.535533
0.796,854.68,0.835,488.38,Zeta Markets,2023-10-16 13:18:30.535533
0.01,0.01,0.837,610.48,Zeta Markets,2023-10-16 13:18:30.535533
,,0.839,732.58,Zeta Markets,2023-10-16 13:18:30.535533
,,0.841,854.68,Zeta Markets,2023-10-16 13:18:30.535533
,,1.7,1.0,Zeta Markets,2023-10-16 13:18:30.535533
,,5.0,1.0,Zeta Markets,2023-10-16 13:18:30.535533
0.811,8693.404,0.8111,391.896,Zeta Markets,2023-10-16 15:14:42.466509
0.8109,17356.59,0.8112,246.53,Zeta Markets,2023-10-16 15:14:42.466509
0.8105,168.446,0.8113,2612.637,Zeta Markets,2023-10-16 15:14:42.466509
0.81,2465.34,0.8114,6531.593,Zeta Markets,2023-10-16 15:14:42.466509
0.809,12326.74,0.8118,19594.78,Zeta Markets,2023-10-16 15:14:42.466509
0.808,43143.59,0.812,2465.34,Zeta Markets,2023-10-16 15:14:42.466509
0.799,369.8,0.8123,6166.794,Zeta Markets,2023-10-16 15:14:42.466509
0.795,493.06,0.813,12326.74,Zeta Markets,2023-10-16 15:14:42.466509
0.793,616.33,0.814,18490.11,Zeta Markets,2023-10-16 15:14:42.466509
0.791,739.6,0.815,24653.48,Zeta Markets,2023-10-16 15:14:42.466509
0.789,862.87,0.823,369.8,Zeta Markets,2023-10-16 15:14:42.466509
0.01,0.01,0.827,493.06,Zeta Markets,2023-10-16 15:14:42.466509
,,0.829,616.33,Zeta Markets,2023-10-16 15:14:42.466509
,,0.831,739.6,Zeta Markets,2023-10-16 15:14:42.466509
,,0.833,862.87,Zeta Markets,2023-10-16 15:14:42.466509
,,1.7,1.0,Zeta Markets,2023-10-16 15:14:42.466509
,,5.0,1.0,Zeta Markets,2023-10-16 15:14:42.466509
0.8083,8597.484,0.8084,388.294,Zeta Markets,2023-10-16 16:18:47.962514
0.8082,17666.065,0.8086,2588.625,Zeta Markets,2023-10-16 16:18:47.962514
0.8078,728.287,0.8087,6471.563,Zeta Markets,2023-10-16 16:18:47.962514
0.776,247.38,0.8091,19414.69,Zeta Markets,2023-10-16 16:18:47.962514
0.706,2473.83,0.8095,5414.601,Zeta Markets,2023-10-16 16:18:47.962514
0.627,12369.16,0.841,247.38,Zeta Markets,2023-10-16 16:18:47.962514
0.626,371.07,0.916,2473.83,Zeta Markets,2023-10-16 16:18:47.962514
0.579,494.76,0.99,371.07,Zeta Markets,2023-10-16 16:18:47.962514
0.556,618.45,0.999,12369.16,Zeta Markets,2023-10-16 16:18:47.962514
0.549,18553.74,1.064,494.76,Zeta Markets,2023-10-16 16:18:47.962514
0.532,742.14,1.083,18553.74,Zeta Markets,2023-10-16 16:18:47.962514
0.509,865.84,1.101,618.45,Zeta Markets,2023-10-16 16:18:47.962514
0.47,24738.32,1.138,742.14,Zeta Markets,2023-10-16 16:18:47.962514
0.01,0.01,1.166,24738.32,Zeta Markets,2023-10-16 16:18:47.962514
,,1.176,865.84,Zeta Markets,2023-10-16 16:18:47.962514
,,1.7,1.0,Zeta Markets,2023-10-16 16:18:47.962514
,,5.0,1.0,Zeta Markets,2023-10-16 16:18:47.962514
0.8085,8450.33,0.8086,394.1,Zeta Markets,2023-10-16 17:12:47.668171
0.8083,17306.78,0.8087,2627.331,Zeta Markets,2023-10-16 17:12:47.668171
0.808,247.33,0.8089,6568.328,Zeta Markets,2023-10-16 17:12:47.668171
0.807,14840.19,0.809,247.33,Zeta Markets,2023-10-16 17:12:47.668171
0.806,18550.25,0.8093,19704.984,Zeta Markets,2023-10-16 17:12:47.668171
0.805,24733.67,0.8097,6217.758,Zeta Markets,2023-10-16 17:12:47.668171
0.796,371.0,0.81,14840.19,Zeta Markets,2023-10-16 17:12:47.668171
0.792,494.67,0.811,18550.25,Zeta Markets,2023-10-16 17:12:47.668171
0.79,618.34,0.812,24733.67,Zeta Markets,2023-10-16 17:12:47.668171
0.788,742.01,0.82,371.0,Zeta Markets,2023-10-16 17:12:47.668171
0.786,865.67,0.824,494.67,Zeta Markets,2023-10-16 17:12:47.668171
0.01,0.01,0.826,618.34,Zeta Markets,2023-10-16 17:12:47.668171
,,0.829,742.01,Zeta Markets,2023-10-16 17:12:47.668171
,,0.831,865.67,Zeta Markets,2023-10-16 17:12:47.668171
,,1.7,1.0,Zeta Markets,2023-10-16 17:12:47.668171
,,5.0,1.0,Zeta Markets,2023-10-16 17:12:47.668171
0.8105,8515.19,0.8106,389.633,Zeta Markets,2023-10-16 18:18:59.418631
0.8103,17496.966,0.8108,2597.55,Zeta Markets,2023-10-16 18:18:59.418631
0.81,246.73,0.811,6740.605,Zeta Markets,2023-10-16 18:18:59.418631
0.8099,487.945,0.8114,19481.624,Zeta Markets,2023-10-16 18:18:59.418631
0.808,2467.31,0.8118,5806.827,Zeta Markets,2023-10-16 18:18:59.418631
0.807,12336.56,0.813,2467.31,Zeta Markets,2023-10-16 18:18:59.418631
0.805,18504.84,0.814,12336.56,Zeta Markets,2023-10-16 18:18:59.418631
0.804,24673.12,0.816,18504.84,Zeta Markets,2023-10-16 18:18:59.418631
0.786,370.09,0.817,24673.12,Zeta Markets,2023-10-16 18:18:59.418631
0.778,493.46,0.834,370.09,Zeta Markets,2023-10-16 18:18:59.418631
0.774,616.82,0.843,493.46,Zeta Markets,2023-10-16 18:18:59.418631
0.77,740.19,0.847,616.82,Zeta Markets,2023-10-16 18:18:59.418631
0.766,863.55,0.851,740.19,Zeta Markets,2023-10-16 18:18:59.418631
0.01,0.01,0.855,863.55,Zeta Markets,2023-10-16 18:18:59.418631
,,1.7,1.0,Zeta Markets,2023-10-16 18:18:59.418631
,,5.0,1.0,Zeta Markets,2023-10-16 18:18:59.418631
0.8175,8403.458,0.8176,387.872,Zeta Markets,2023-10-16 19:11:51.479562
0.8173,17267.378,0.8178,2585.814,Zeta Markets,2023-10-16 19:11:51.479562
0.817,244.67,0.818,6709.205,Zeta Markets,2023-10-16 19:11:51.479562
0.8169,534.329,0.8184,19393.606,Zeta Markets,2023-10-16 19:11:51.479562
0.815,2446.78,0.8188,6232.619,Zeta Markets,2023-10-16 19:11:51.479562
0.814,12233.91,0.819,2446.78,Zeta Markets,2023-10-16 19:11:51.479562
0.812,18350.86,0.821,12233.91,Zeta Markets,2023-10-16 19:11:51.479562
0.81,24467.82,0.823,18350.86,Zeta Markets,2023-10-16 19:11:51.479562
0.792,367.01,0.824,24467.82,Zeta Markets,2023-10-16 19:11:51.479562
0.784,489.35,0.841,367.01,Zeta Markets,2023-10-16 19:11:51.479562
0.781,611.69,0.85,489.35,Zeta Markets,2023-10-16 19:11:51.479562
0.777,734.03,0.854,611.69,Zeta Markets,2023-10-16 19:11:51.479562
0.773,856.37,0.858,734.03,Zeta Markets,2023-10-16 19:11:51.479562
0.01,0.01,0.863,856.37,Zeta Markets,2023-10-16 19:11:51.479562
,,1.7,1.0,Zeta Markets,2023-10-16 19:11:51.479562
,,5.0,1.0,Zeta Markets,2023-10-16 19:11:51.479562
0.8132,8481.756,0.8133,388.557,Zeta Markets,2023-10-16 20:15:20.951795
0.813,17428.267,0.8135,2590.377,Zeta Markets,2023-10-16 20:15:20.951795
0.8126,559.036,0.8136,6475.942,Zeta Markets,2023-10-16 20:15:20.951795
0.812,245.95,0.814,19673.775,Zeta Markets,2023-10-16 20:15:20.951795
0.811,2459.58,0.8144,5917.852,Zeta Markets,2023-10-16 20:15:20.951795
0.809,12297.94,0.815,2459.58,Zeta Markets,2023-10-16 20:15:20.951795
0.808,18446.92,0.817,12297.94,Zeta Markets,2023-10-16 20:15:20.951795
0.806,24595.89,0.818,18446.92,Zeta Markets,2023-10-16 20:15:20.951795
0.788,368.93,0.82,24595.89,Zeta Markets,2023-10-16 20:15:20.951795
0.78,491.91,0.837,368.93,Zeta Markets,2023-10-16 20:15:20.951795
0.776,614.89,0.845,491.91,Zeta Markets,2023-10-16 20:15:20.951795
0.773,737.87,0.85,614.89,Zeta Markets,2023-10-16 20:15:20.951795
0.769,860.85,0.854,737.87,Zeta Markets,2023-10-16 20:15:20.951795
0.01,0.01,0.858,860.85,Zeta Markets,2023-10-16 20:15:20.951795
,,1.7,1.0,Zeta Markets,2023-10-16 20:15:20.951795
,,5.0,1.0,Zeta Markets,2023-10-16 20:15:20.951795
0.812,8655.879,0.8121,246.3,Zeta Markets,2023-10-16 21:12:44.319912
0.8119,17279.958,0.8123,392.419,Zeta Markets,2023-10-16 21:12:44.319912
0.8115,68.17,0.8124,2616.129,Zeta Markets,2023-10-16 21:12:44.319912
0.811,2463.05,0.8126,6540.322,Zeta Markets,2023-10-16 21:12:44.319912
0.81,12315.27,0.813,22084.015,Zeta Markets,2023-10-16 21:12:44.319912
0.809,18472.9,0.8134,6342.068,Zeta Markets,2023-10-16 21:12:44.319912
0.808,24630.54,0.814,12315.27,Zeta Markets,2023-10-16 21:12:44.319912
0.799,369.45,0.815,43103.44,Zeta Markets,2023-10-16 21:12:44.319912
0.795,492.61,0.824,369.45,Zeta Markets,2023-10-16 21:12:44.319912
0.793,615.76,0.828,492.61,Zeta Markets,2023-10-16 21:12:44.319912
0.791,738.91,0.83,615.76,Zeta Markets,2023-10-16 21:12:44.319912
0.789,862.06,0.832,738.91,Zeta Markets,2023-10-16 21:12:44.319912
0.01,0.01,0.834,862.06,Zeta Markets,2023-10-16 21:12:44.319912
,,1.7,1.0,Zeta Markets,2023-10-16 21:12:44.319912
,,5.0,1.0,Zeta Markets,2023-10-16 21:12:44.319912
