bid_price,bid_size,ask_price,ask_size,protocol_name,timestamp
21.8838,137.12,21.8839,1693.29,Zeta Markets,2023-10-14 12:24:05.830185
21.8798,8.666,21.894,2.74,Zeta Markets,2023-10-14 12:24:05.830185
21.8765,216.639,21.8945,2883.186,Zeta Markets,2023-10-14 12:24:05.830185
21.874,1142.77,21.9032,7116.583,Zeta Markets,2023-10-14 12:24:05.830185
21.8732,1299.833,21.905,3.65,Zeta Markets,2023-10-14 12:24:05.830185
21.861,1.82,21.907,22.85,Zeta Markets,2023-10-14 12:24:05.830185
21.859,1828.44,21.911,114.27,Zeta Markets,2023-10-14 12:24:05.830185
21.8557,2599.667,21.916,4.57,Zeta Markets,2023-10-14 12:24:05.830185
21.85,2.74,21.922,1142.77,Zeta Markets,2023-10-14 12:24:05.830185
21.848,2742.66,21.937,1828.44,Zeta Markets,2023-10-14 12:24:05.830185
21.847,2841.11,21.948,2742.66,Zeta Markets,2023-10-14 12:24:05.830185
21.839,3.65,21.97,5.48,Zeta Markets,2023-10-14 12:24:05.830185
21.828,4.57,22.204,13.71,Zeta Markets,2023-10-14 12:24:05.830185
21.773,5.48,22.315,18.28,Zeta Markets,2023-10-14 12:24:05.830185
21.548,13.71,22.371,22.85,Zeta Markets,2023-10-14 12:24:05.830185
21.44,18.28,22.426,27.42,Zeta Markets,2023-10-14 12:24:05.830185
21.386,22.85,22.482,31.99,Zeta Markets,2023-10-14 12:24:05.830185
21.332,27.42,22.95,200.0,Zeta Markets,2023-10-14 12:24:05.830185
21.279,31.99,23.0,10.0,Zeta Markets,2023-10-14 12:24:05.830185
20.88,100.0,23.5,100.0,Zeta Markets,2023-10-14 12:24:05.830185
20.8,100.0,23.55,100.0,Zeta Markets,2023-10-14 12:24:05.830185
20.75,100.0,23.9,100.0,Zeta Markets,2023-10-14 12:24:05.830185
20.65,100.0,25.0,0.001,Zeta Markets,2023-10-14 12:24:05.830185
20.6,100.0,29.0,0.001,Zeta Markets,2023-10-14 12:24:05.830185
20.11,100.0,30.0,0.1,Zeta Markets,2023-10-14 12:24:05.830185
20.06,100.0,40.001,1.362,Zeta Markets,2023-10-14 12:24:05.830185
20.01,100.0,,,Zeta Markets,2023-10-14 12:24:05.830185
19.95,100.0,,,Zeta Markets,2023-10-14 12:24:05.830185
16.45,48.936,,,Zeta Markets,2023-10-14 12:24:05.830185
15.0,1.0,,,Zeta Markets,2023-10-14 12:24:05.830185
14.0,0.4,,,Zeta Markets,2023-10-14 12:24:05.830185
12.23,0.183,,,Zeta Markets,2023-10-14 12:24:05.830185
12.0,0.1,,,Zeta Markets,2023-10-14 12:24:05.830185
10.0,0.001,,,Zeta Markets,2023-10-14 12:24:05.830185
3.0,0.01,,,Zeta Markets,2023-10-14 12:24:05.830185
1.9,0.001,,,Zeta Markets,2023-10-14 12:24:05.830185
1.0,0.01,,,Zeta Markets,2023-10-14 12:24:05.830185
0.03,0.001,,,Zeta Markets,2023-10-14 12:24:05.830185
0.002,0.004,,,Zeta Markets,2023-10-14 12:24:05.830185
21.8786,2804.651,21.8787,9.602,Zeta Markets,2023-10-14 13:14:28.246757
21.877,1.82,21.882,240.06,Zeta Markets,2023-10-14 13:14:28.246757
21.868,1827.67,21.8853,1440.359,Zeta Markets,2023-10-14 13:14:28.246757
21.867,2.74,21.899,1.82,Zeta Markets,2023-10-14 13:14:28.246757
21.8651,2599.944,21.9028,2880.719,Zeta Markets,2023-10-14 13:14:28.246757
21.857,2741.51,21.91,2.74,Zeta Markets,2023-10-14 13:14:28.246757
21.8564,2863.54,21.9115,7097.628,Zeta Markets,2023-10-14 13:14:28.246757
21.856,3.65,21.916,22.84,Zeta Markets,2023-10-14 13:14:28.246757
21.845,4.56,21.92,114.22,Zeta Markets,2023-10-14 13:14:28.246757
21.79,5.48,21.921,3.65,Zeta Markets,2023-10-14 13:14:28.246757
21.557,13.7,21.931,1142.29,Zeta Markets,2023-10-14 13:14:28.246757
21.449,18.27,21.932,4.56,Zeta Markets,2023-10-14 13:14:28.246757
21.395,22.84,21.947,1827.67,Zeta Markets,2023-10-14 13:14:28.246757
21.341,27.41,21.958,2741.51,Zeta Markets,2023-10-14 13:14:28.246757
21.288,31.98,21.987,5.48,Zeta Markets,2023-10-14 13:14:28.246757
20.88,100.0,22.214,13.7,Zeta Markets,2023-10-14 13:14:28.246757
20.8,100.0,22.325,18.27,Zeta Markets,2023-10-14 13:14:28.246757
20.75,100.0,22.38,22.84,Zeta Markets,2023-10-14 13:14:28.246757
20.65,100.0,22.436,27.41,Zeta Markets,2023-10-14 13:14:28.246757
20.6,100.0,22.491,31.98,Zeta Markets,2023-10-14 13:14:28.246757
20.11,100.0,22.95,200.0,Zeta Markets,2023-10-14 13:14:28.246757
20.06,100.0,23.0,10.0,Zeta Markets,2023-10-14 13:14:28.246757
20.01,100.0,23.5,100.0,Zeta Markets,2023-10-14 13:14:28.246757
19.95,100.0,23.55,100.0,Zeta Markets,2023-10-14 13:14:28.246757
16.45,48.936,23.9,100.0,Zeta Markets,2023-10-14 13:14:28.246757
15.0,1.0,25.0,0.001,Zeta Markets,2023-10-14 13:14:28.246757
14.0,0.4,29.0,0.001,Zeta Markets,2023-10-14 13:14:28.246757
12.23,0.183,30.0,0.1,Zeta Markets,2023-10-14 13:14:28.246757
12.0,0.1,40.001,1.362,Zeta Markets,2023-10-14 13:14:28.246757
10.0,0.001,,,Zeta Markets,2023-10-14 13:14:28.246757
3.0,0.01,,,Zeta Markets,2023-10-14 13:14:28.246757
1.9,0.001,,,Zeta Markets,2023-10-14 13:14:28.246757
1.0,0.01,,,Zeta Markets,2023-10-14 13:14:28.246757
0.03,0.001,,,Zeta Markets,2023-10-14 13:14:28.246757
0.002,0.004,,,Zeta Markets,2023-10-14 13:14:28.246757
21.9613,2793.91,21.9614,9.568,Zeta Markets,2023-10-14 14:11:08.137677
21.955,1.82,21.9646,239.199,Zeta Markets,2023-10-14 14:11:08.137677
21.948,1820.97,21.9679,1435.195,Zeta Markets,2023-10-14 14:11:08.137677
21.9479,2589.615,21.977,1.82,Zeta Markets,2023-10-14 14:11:08.137677
21.944,2.73,21.9855,2870.39,Zeta Markets,2023-10-14 14:11:08.137677
21.9391,2879.929,21.988,2.73,Zeta Markets,2023-10-14 14:11:08.137677
21.937,2731.46,21.9943,7114.017,Zeta Markets,2023-10-14 14:11:08.137677
21.933,3.64,21.997,22.76,Zeta Markets,2023-10-14 14:11:08.137677
21.922,4.55,21.999,3.64,Zeta Markets,2023-10-14 14:11:08.137677
21.867,5.46,22.001,113.81,Zeta Markets,2023-10-14 14:11:08.137677
21.636,13.65,22.009,4.55,Zeta Markets,2023-10-14 14:11:08.137677
21.528,18.2,22.012,1138.1,Zeta Markets,2023-10-14 14:11:08.137677
21.474,22.76,22.027,1820.97,Zeta Markets,2023-10-14 14:11:08.137677
21.42,27.31,22.038,2731.46,Zeta Markets,2023-10-14 14:11:08.137677
21.366,31.86,22.064,5.46,Zeta Markets,2023-10-14 14:11:08.137677
20.88,100.0,22.295,13.65,Zeta Markets,2023-10-14 14:11:08.137677
20.8,100.0,22.407,18.2,Zeta Markets,2023-10-14 14:11:08.137677
20.75,100.0,22.463,22.76,Zeta Markets,2023-10-14 14:11:08.137677
20.65,100.0,22.518,27.31,Zeta Markets,2023-10-14 14:11:08.137677
20.6,100.0,22.574,31.86,Zeta Markets,2023-10-14 14:11:08.137677
20.11,100.0,22.95,200.0,Zeta Markets,2023-10-14 14:11:08.137677
20.06,100.0,23.0,10.0,Zeta Markets,2023-10-14 14:11:08.137677
20.01,100.0,23.5,100.0,Zeta Markets,2023-10-14 14:11:08.137677
19.95,100.0,23.55,100.0,Zeta Markets,2023-10-14 14:11:08.137677
16.45,48.936,23.9,100.0,Zeta Markets,2023-10-14 14:11:08.137677
15.0,1.0,25.0,0.001,Zeta Markets,2023-10-14 14:11:08.137677
14.0,0.4,29.0,0.001,Zeta Markets,2023-10-14 14:11:08.137677
12.23,0.183,30.0,0.1,Zeta Markets,2023-10-14 14:11:08.137677
12.0,0.1,40.001,1.362,Zeta Markets,2023-10-14 14:11:08.137677
10.0,0.001,,,Zeta Markets,2023-10-14 14:11:08.137677
3.0,0.01,,,Zeta Markets,2023-10-14 14:11:08.137677
1.9,0.001,,,Zeta Markets,2023-10-14 14:11:08.137677
1.0,0.01,,,Zeta Markets,2023-10-14 14:11:08.137677
0.03,0.001,,,Zeta Markets,2023-10-14 14:11:08.137677
0.002,0.004,,,Zeta Markets,2023-10-14 14:11:08.137677
21.9195,1523.991,21.9196,9.575,Zeta Markets,2023-10-14 15:12:23.189740
21.915,1.82,21.9229,239.374,Zeta Markets,2023-10-14 15:12:23.189740
21.9083,2597.712,21.9262,1436.244,Zeta Markets,2023-10-14 15:12:23.189740
21.904,2.73,21.936,1.82,Zeta Markets,2023-10-14 15:12:23.189740
21.8995,2917.081,21.9437,2872.487,Zeta Markets,2023-10-14 15:12:23.189740
21.893,3.64,21.947,2.73,Zeta Markets,2023-10-14 15:12:23.189740
21.882,4.56,21.9525,7060.689,Zeta Markets,2023-10-14 15:12:23.189740
21.827,5.47,21.958,3.64,Zeta Markets,2023-10-14 15:12:23.189740
21.591,13.68,21.969,4.56,Zeta Markets,2023-10-14 15:12:23.189740
21.483,18.24,22.024,5.47,Zeta Markets,2023-10-14 15:12:23.189740
21.429,22.81,22.249,13.68,Zeta Markets,2023-10-14 15:12:23.189740
21.375,27.37,22.36,18.24,Zeta Markets,2023-10-14 15:12:23.189740
21.321,31.93,22.415,22.81,Zeta Markets,2023-10-14 15:12:23.189740
20.88,100.0,22.471,27.37,Zeta Markets,2023-10-14 15:12:23.189740
20.8,100.0,22.527,31.93,Zeta Markets,2023-10-14 15:12:23.189740
20.75,100.0,22.95,200.0,Zeta Markets,2023-10-14 15:12:23.189740
20.65,100.0,23.0,10.0,Zeta Markets,2023-10-14 15:12:23.189740
20.6,100.0,23.5,100.0,Zeta Markets,2023-10-14 15:12:23.189740
20.11,100.0,23.55,100.0,Zeta Markets,2023-10-14 15:12:23.189740
20.06,100.0,23.9,100.0,Zeta Markets,2023-10-14 15:12:23.189740
20.01,100.0,25.0,0.001,Zeta Markets,2023-10-14 15:12:23.189740
19.95,100.0,29.0,0.001,Zeta Markets,2023-10-14 15:12:23.189740
16.45,48.936,30.0,0.1,Zeta Markets,2023-10-14 15:12:23.189740
15.0,1.0,40.001,1.362,Zeta Markets,2023-10-14 15:12:23.189740
14.0,0.4,,,Zeta Markets,2023-10-14 15:12:23.189740
12.23,0.183,,,Zeta Markets,2023-10-14 15:12:23.189740
12.0,0.1,,,Zeta Markets,2023-10-14 15:12:23.189740
10.0,0.001,,,Zeta Markets,2023-10-14 15:12:23.189740
3.0,0.01,,,Zeta Markets,2023-10-14 15:12:23.189740
1.9,0.001,,,Zeta Markets,2023-10-14 15:12:23.189740
1.0,0.01,,,Zeta Markets,2023-10-14 15:12:23.189740
0.03,0.001,,,Zeta Markets,2023-10-14 15:12:23.189740
0.002,0.004,,,Zeta Markets,2023-10-14 15:12:23.189740
22.049,22.69,22.0491,1673.663,Zeta Markets,2023-10-14 16:15:53.553897
22.0475,8.64,22.06,2.72,Zeta Markets,2023-10-14 16:15:53.553897
22.0442,215.987,22.0605,2849.751,Zeta Markets,2023-10-14 16:15:53.553897
22.044,113.45,22.066,22.69,Zeta Markets,2023-10-14 16:15:53.553897
22.0409,1295.923,22.0693,6956.179,Zeta Markets,2023-10-14 16:15:53.553897
22.033,1134.5,22.071,117.08,Zeta Markets,2023-10-14 16:15:53.553897
22.027,1.81,22.082,1139.03,Zeta Markets,2023-10-14 16:15:53.553897
22.0233,2591.846,22.097,1815.2,Zeta Markets,2023-10-14 16:15:53.553897
22.018,1815.2,22.108,2722.81,Zeta Markets,2023-10-14 16:15:53.553897
22.016,2.72,22.137,5.44,Zeta Markets,2023-10-14 16:15:53.553897
22.0145,3066.973,22.366,13.61,Zeta Markets,2023-10-14 16:15:53.553897
22.007,2722.81,22.478,18.15,Zeta Markets,2023-10-14 16:15:53.553897
22.005,3.63,22.534,22.69,Zeta Markets,2023-10-14 16:15:53.553897
21.994,4.53,22.59,27.22,Zeta Markets,2023-10-14 16:15:53.553897
21.939,5.44,22.646,31.76,Zeta Markets,2023-10-14 16:15:53.553897
21.705,13.61,22.95,200.0,Zeta Markets,2023-10-14 16:15:53.553897
21.597,18.15,23.0,10.0,Zeta Markets,2023-10-14 16:15:53.553897
21.542,22.69,23.5,100.0,Zeta Markets,2023-10-14 16:15:53.553897
21.488,27.22,23.55,100.0,Zeta Markets,2023-10-14 16:15:53.553897
21.434,31.76,23.9,100.0,Zeta Markets,2023-10-14 16:15:53.553897
20.88,100.0,25.0,0.001,Zeta Markets,2023-10-14 16:15:53.553897
20.8,100.0,29.0,0.001,Zeta Markets,2023-10-14 16:15:53.553897
20.75,100.0,30.0,0.1,Zeta Markets,2023-10-14 16:15:53.553897
20.65,100.0,40.001,1.362,Zeta Markets,2023-10-14 16:15:53.553897
20.6,100.0,,,Zeta Markets,2023-10-14 16:15:53.553897
20.11,100.0,,,Zeta Markets,2023-10-14 16:15:53.553897
20.06,100.0,,,Zeta Markets,2023-10-14 16:15:53.553897
20.01,100.0,,,Zeta Markets,2023-10-14 16:15:53.553897
19.95,100.0,,,Zeta Markets,2023-10-14 16:15:53.553897
16.45,48.936,,,Zeta Markets,2023-10-14 16:15:53.553897
15.0,1.0,,,Zeta Markets,2023-10-14 16:15:53.553897
14.0,0.4,,,Zeta Markets,2023-10-14 16:15:53.553897
12.23,0.183,,,Zeta Markets,2023-10-14 16:15:53.553897
12.0,0.1,,,Zeta Markets,2023-10-14 16:15:53.553897
10.0,0.001,,,Zeta Markets,2023-10-14 16:15:53.553897
3.0,0.01,,,Zeta Markets,2023-10-14 16:15:53.553897
1.9,0.001,,,Zeta Markets,2023-10-14 16:15:53.553897
1.0,0.01,,,Zeta Markets,2023-10-14 16:15:53.553897
0.03,0.001,,,Zeta Markets,2023-10-14 16:15:53.553897
0.002,0.004,,,Zeta Markets,2023-10-14 16:15:53.553897
22.0346,2791.398,22.0347,9.499,Zeta Markets,2023-10-14 17:10:57.184923
22.0224,2592.405,22.0371,237.468,Zeta Markets,2023-10-14 17:10:57.184923
22.02,1815.05,22.0404,1424.808,Zeta Markets,2023-10-14 17:10:57.184923
22.0136,3071.861,22.058,2849.617,Zeta Markets,2023-10-14 17:10:57.184923
22.009,2722.57,22.0668,6950.617,Zeta Markets,2023-10-14 17:10:57.184923
21.707,13.61,22.068,22.68,Zeta Markets,2023-10-14 17:10:57.184923
21.598,18.15,22.073,113.44,Zeta Markets,2023-10-14 17:10:57.184923
21.544,22.68,22.084,1134.4,Zeta Markets,2023-10-14 17:10:57.184923
21.49,27.22,22.099,1815.05,Zeta Markets,2023-10-14 17:10:57.184923
21.436,31.76,22.11,2722.57,Zeta Markets,2023-10-14 17:10:57.184923
20.88,100.0,22.368,13.61,Zeta Markets,2023-10-14 17:10:57.184923
20.8,100.0,22.48,18.15,Zeta Markets,2023-10-14 17:10:57.184923
20.75,100.0,22.536,22.68,Zeta Markets,2023-10-14 17:10:57.184923
20.65,100.0,22.592,27.22,Zeta Markets,2023-10-14 17:10:57.184923
20.6,100.0,22.648,31.76,Zeta Markets,2023-10-14 17:10:57.184923
20.11,100.0,22.95,200.0,Zeta Markets,2023-10-14 17:10:57.184923
20.06,100.0,23.0,10.0,Zeta Markets,2023-10-14 17:10:57.184923
20.01,100.0,23.5,100.0,Zeta Markets,2023-10-14 17:10:57.184923
19.95,100.0,23.55,100.0,Zeta Markets,2023-10-14 17:10:57.184923
16.45,48.936,23.9,100.0,Zeta Markets,2023-10-14 17:10:57.184923
15.0,1.0,25.0,0.001,Zeta Markets,2023-10-14 17:10:57.184923
14.0,0.4,29.0,0.001,Zeta Markets,2023-10-14 17:10:57.184923
12.23,0.183,30.0,0.1,Zeta Markets,2023-10-14 17:10:57.184923
12.0,0.1,40.001,1.362,Zeta Markets,2023-10-14 17:10:57.184923
10.0,0.001,,,Zeta Markets,2023-10-14 17:10:57.184923
3.0,0.01,,,Zeta Markets,2023-10-14 17:10:57.184923
1.9,0.001,,,Zeta Markets,2023-10-14 17:10:57.184923
1.0,0.01,,,Zeta Markets,2023-10-14 17:10:57.184923
0.03,0.001,,,Zeta Markets,2023-10-14 17:10:57.184923
0.002,0.004,,,Zeta Markets,2023-10-14 17:10:57.184923
21.9911,1661.173,21.9912,9.513,Zeta Markets,2023-10-14 18:16:26.771460
21.985,1136.99,21.9937,237.819,Zeta Markets,2023-10-14 18:16:26.771460
21.981,1.81,21.997,1426.913,Zeta Markets,2023-10-14 18:16:26.771460
21.9786,2599.011,22.003,1.81,Zeta Markets,2023-10-14 18:16:26.771460
21.97,1821.91,22.014,2.72,Zeta Markets,2023-10-14 18:16:26.771460
21.9698,3081.364,22.0146,2853.825,Zeta Markets,2023-10-14 18:16:26.771460
21.959,2732.42,22.018,22.73,Zeta Markets,2023-10-14 18:16:26.771460
21.948,4.54,22.022,113.69,Zeta Markets,2023-10-14 18:16:26.771460
21.893,5.45,22.0234,6923.954,Zeta Markets,2023-10-14 18:16:26.771460
21.66,13.64,22.025,3.63,Zeta Markets,2023-10-14 18:16:26.771460
21.552,18.18,22.033,1136.99,Zeta Markets,2023-10-14 18:16:26.771460
21.498,22.73,22.036,4.54,Zeta Markets,2023-10-14 18:16:26.771460
21.444,27.28,22.049,1819.19,Zeta Markets,2023-10-14 18:16:26.771460
21.39,31.83,22.06,2728.79,Zeta Markets,2023-10-14 18:16:26.771460
20.88,100.0,22.091,5.45,Zeta Markets,2023-10-14 18:16:26.771460
20.8,100.0,22.32,13.64,Zeta Markets,2023-10-14 18:16:26.771460
20.75,100.0,22.432,18.18,Zeta Markets,2023-10-14 18:16:26.771460
20.65,100.0,22.488,22.73,Zeta Markets,2023-10-14 18:16:26.771460
20.6,100.0,22.543,27.28,Zeta Markets,2023-10-14 18:16:26.771460
20.11,100.0,22.599,31.83,Zeta Markets,2023-10-14 18:16:26.771460
20.06,100.0,22.95,200.0,Zeta Markets,2023-10-14 18:16:26.771460
20.01,100.0,23.0,10.0,Zeta Markets,2023-10-14 18:16:26.771460
19.95,100.0,23.5,100.0,Zeta Markets,2023-10-14 18:16:26.771460
16.45,48.936,23.55,100.0,Zeta Markets,2023-10-14 18:16:26.771460
15.0,1.0,23.9,100.0,Zeta Markets,2023-10-14 18:16:26.771460
14.0,0.4,25.0,0.001,Zeta Markets,2023-10-14 18:16:26.771460
12.23,0.183,29.0,0.001,Zeta Markets,2023-10-14 18:16:26.771460
12.0,0.1,30.0,0.1,Zeta Markets,2023-10-14 18:16:26.771460
10.0,0.001,40.001,1.362,Zeta Markets,2023-10-14 18:16:26.771460
3.0,0.01,,,Zeta Markets,2023-10-14 18:16:26.771460
1.9,0.001,,,Zeta Markets,2023-10-14 18:16:26.771460
1.0,0.01,,,Zeta Markets,2023-10-14 18:16:26.771460
0.03,0.001,,,Zeta Markets,2023-10-14 18:16:26.771460
0.002,0.004,,,Zeta Markets,2023-10-14 18:16:26.771460
22.0118,1659.69,22.0119,9.505,Zeta Markets,2023-10-14 19:10:15.945877
22.006,1135.9,22.0125,237.625,Zeta Markets,2023-10-14 19:10:15.945877
22.001,1.81,22.0158,1425.75,Zeta Markets,2023-10-14 19:10:15.945877
21.9973,2596.687,22.023,1.81,Zeta Markets,2023-10-14 19:10:15.945877
21.991,1817.44,22.0334,2851.501,Zeta Markets,2023-10-14 19:10:15.945877
21.99,2.72,22.034,2.72,Zeta Markets,2023-10-14 19:10:15.945877
21.9885,3085.053,22.039,22.71,Zeta Markets,2023-10-14 19:10:15.945877
21.98,2726.16,22.0422,6927.642,Zeta Markets,2023-10-14 19:10:15.945877
21.979,3.63,22.044,113.59,Zeta Markets,2023-10-14 19:10:15.945877
21.968,4.54,22.045,3.63,Zeta Markets,2023-10-14 19:10:15.945877
21.913,5.45,22.055,1135.9,Zeta Markets,2023-10-14 19:10:15.945877
21.678,13.63,22.056,4.54,Zeta Markets,2023-10-14 19:10:15.945877
21.57,18.17,22.07,1817.44,Zeta Markets,2023-10-14 19:10:15.945877
21.516,22.71,22.081,2726.16,Zeta Markets,2023-10-14 19:10:15.945877
21.462,27.26,22.111,5.45,Zeta Markets,2023-10-14 19:10:15.945877
21.407,31.8,22.339,13.63,Zeta Markets,2023-10-14 19:10:15.945877
20.88,100.0,22.45,18.17,Zeta Markets,2023-10-14 19:10:15.945877
20.8,100.0,22.506,22.71,Zeta Markets,2023-10-14 19:10:15.945877
20.75,100.0,22.562,27.26,Zeta Markets,2023-10-14 19:10:15.945877
20.65,100.0,22.618,31.8,Zeta Markets,2023-10-14 19:10:15.945877
20.6,100.0,22.95,200.0,Zeta Markets,2023-10-14 19:10:15.945877
20.11,100.0,23.0,10.0,Zeta Markets,2023-10-14 19:10:15.945877
20.06,100.0,23.5,100.0,Zeta Markets,2023-10-14 19:10:15.945877
20.01,100.0,23.55,100.0,Zeta Markets,2023-10-14 19:10:15.945877
19.95,100.0,23.9,100.0,Zeta Markets,2023-10-14 19:10:15.945877
16.45,48.936,25.0,0.001,Zeta Markets,2023-10-14 19:10:15.945877
15.0,1.0,29.0,0.001,Zeta Markets,2023-10-14 19:10:15.945877
14.0,0.4,30.0,0.1,Zeta Markets,2023-10-14 19:10:15.945877
12.23,0.183,40.001,1.362,Zeta Markets,2023-10-14 19:10:15.945877
12.0,0.1,,,Zeta Markets,2023-10-14 19:10:15.945877
10.0,0.001,,,Zeta Markets,2023-10-14 19:10:15.945877
3.0,0.01,,,Zeta Markets,2023-10-14 19:10:15.945877
1.9,0.001,,,Zeta Markets,2023-10-14 19:10:15.945877
1.0,0.01,,,Zeta Markets,2023-10-14 19:10:15.945877
0.03,0.001,,,Zeta Markets,2023-10-14 19:10:15.945877
0.002,0.004,,,Zeta Markets,2023-10-14 19:10:15.945877
22.0099,1659.809,22.01,9.506,Zeta Markets,2023-10-14 20:13:02.940847
22.002,1136.09,22.0115,237.639,Zeta Markets,2023-10-14 20:13:02.940847
21.998,1.81,22.0148,1425.834,Zeta Markets,2023-10-14 20:13:02.940847
21.9956,2596.855,22.02,1.81,Zeta Markets,2023-10-14 20:13:02.940847
21.987,1820.47,22.031,2.72,Zeta Markets,2023-10-14 20:13:02.940847
21.9868,3084.786,22.0324,2851.669,Zeta Markets,2023-10-14 20:13:02.940847
21.976,2730.26,22.035,22.72,Zeta Markets,2023-10-14 20:13:02.940847
21.965,4.54,22.04,113.6,Zeta Markets,2023-10-14 20:13:02.940847
21.91,5.45,22.0412,6927.376,Zeta Markets,2023-10-14 20:13:02.940847
21.675,13.63,22.042,3.63,Zeta Markets,2023-10-14 20:13:02.940847
21.566,18.17,22.051,1136.09,Zeta Markets,2023-10-14 20:13:02.940847
21.512,22.72,22.053,4.54,Zeta Markets,2023-10-14 20:13:02.940847
21.458,27.26,22.066,1817.75,Zeta Markets,2023-10-14 20:13:02.940847
21.404,31.81,22.077,2726.63,Zeta Markets,2023-10-14 20:13:02.940847
20.88,100.0,22.108,5.45,Zeta Markets,2023-10-14 20:13:02.940847
20.8,100.0,22.335,13.63,Zeta Markets,2023-10-14 20:13:02.940847
20.75,100.0,22.446,18.17,Zeta Markets,2023-10-14 20:13:02.940847
20.65,100.0,22.502,22.72,Zeta Markets,2023-10-14 20:13:02.940847
20.6,100.0,22.558,27.26,Zeta Markets,2023-10-14 20:13:02.940847
20.11,100.0,22.614,31.81,Zeta Markets,2023-10-14 20:13:02.940847
20.06,100.0,22.95,200.0,Zeta Markets,2023-10-14 20:13:02.940847
20.01,100.0,23.0,10.0,Zeta Markets,2023-10-14 20:13:02.940847
19.95,100.0,23.5,100.0,Zeta Markets,2023-10-14 20:13:02.940847
16.45,48.936,23.55,100.0,Zeta Markets,2023-10-14 20:13:02.940847
15.0,1.0,23.9,100.0,Zeta Markets,2023-10-14 20:13:02.940847
14.0,0.4,25.0,0.001,Zeta Markets,2023-10-14 20:13:02.940847
12.23,0.183,29.0,0.001,Zeta Markets,2023-10-14 20:13:02.940847
12.0,0.1,30.0,0.1,Zeta Markets,2023-10-14 20:13:02.940847
10.0,0.001,40.001,1.362,Zeta Markets,2023-10-14 20:13:02.940847
3.0,0.01,,,Zeta Markets,2023-10-14 20:13:02.940847
1.9,0.001,,,Zeta Markets,2023-10-14 20:13:02.940847
1.0,0.01,,,Zeta Markets,2023-10-14 20:13:02.940847
0.03,0.001,,,Zeta Markets,2023-10-14 20:13:02.940847
0.002,0.004,,,Zeta Markets,2023-10-14 20:13:02.940847
0.0001,0.003,,,Zeta Markets,2023-10-14 20:13:02.940847
21.998,247.962,21.9981,247.315,Zeta Markets,2023-10-14 21:10:59.971570
21.9968,1299.411,21.9995,1426.818,Zeta Markets,2023-10-14 21:10:59.971570
21.989,113.66,22.01,1.81,Zeta Markets,2023-10-14 21:10:59.971570
21.988,1.81,22.0171,2853.636,Zeta Markets,2023-10-14 21:10:59.971570
21.9792,2598.822,22.021,2.72,Zeta Markets,2023-10-14 21:10:59.971570
21.977,2.72,22.0259,6924.254,Zeta Markets,2023-10-14 21:10:59.971570
21.9704,3081.664,22.032,3.63,Zeta Markets,2023-10-14 21:10:59.971570
21.967,1136.67,22.033,22.73,Zeta Markets,2023-10-14 21:10:59.971570
21.966,3.63,22.042,113.66,Zeta Markets,2023-10-14 21:10:59.971570
21.955,4.54,22.043,4.54,Zeta Markets,2023-10-14 21:10:59.971570
21.936,1818.67,22.064,1136.67,Zeta Markets,2023-10-14 21:10:59.971570
21.914,2728.01,22.095,1818.67,Zeta Markets,2023-10-14 21:10:59.971570
21.9,5.45,22.098,5.45,Zeta Markets,2023-10-14 21:10:59.971570
21.334,13.64,22.117,2728.01,Zeta Markets,2023-10-14 21:10:59.971570
21.12,18.18,22.653,13.64,Zeta Markets,2023-10-14 21:10:59.971570
21.014,22.73,22.88,18.18,Zeta Markets,2023-10-14 21:10:59.971570
20.907,27.28,22.95,200.0,Zeta Markets,2023-10-14 21:10:59.971570
20.88,100.0,22.993,22.73,Zeta Markets,2023-10-14 21:10:59.971570
20.8,131.82,23.0,10.0,Zeta Markets,2023-10-14 21:10:59.971570
20.75,100.0,23.106,27.28,Zeta Markets,2023-10-14 21:10:59.971570
20.65,100.0,23.22,31.82,Zeta Markets,2023-10-14 21:10:59.971570
20.6,100.0,23.5,100.0,Zeta Markets,2023-10-14 21:10:59.971570
20.11,100.0,23.55,100.0,Zeta Markets,2023-10-14 21:10:59.971570
20.06,100.0,23.9,100.0,Zeta Markets,2023-10-14 21:10:59.971570
20.01,100.0,25.0,0.001,Zeta Markets,2023-10-14 21:10:59.971570
19.95,100.0,29.0,0.001,Zeta Markets,2023-10-14 21:10:59.971570
16.45,48.936,30.0,0.1,Zeta Markets,2023-10-14 21:10:59.971570
15.0,1.0,40.001,1.362,Zeta Markets,2023-10-14 21:10:59.971570
14.0,0.4,,,Zeta Markets,2023-10-14 21:10:59.971570
12.23,0.183,,,Zeta Markets,2023-10-14 21:10:59.971570
12.0,0.1,,,Zeta Markets,2023-10-14 21:10:59.971570
10.0,0.001,,,Zeta Markets,2023-10-14 21:10:59.971570
3.0,0.01,,,Zeta Markets,2023-10-14 21:10:59.971570
1.9,0.001,,,Zeta Markets,2023-10-14 21:10:59.971570
1.0,0.01,,,Zeta Markets,2023-10-14 21:10:59.971570
0.03,0.001,,,Zeta Markets,2023-10-14 21:10:59.971570
0.002,0.004,,,Zeta Markets,2023-10-14 21:10:59.971570
0.0001,0.003,,,Zeta Markets,2023-10-14 21:10:59.971570
21.9412,1528.42,21.9413,9.534,Zeta Markets,2023-10-14 22:11:45.314785
21.9402,136.71,21.9446,238.34,Zeta Markets,2023-10-14 22:11:45.314785
21.94,1139.35,21.9479,1430.037,Zeta Markets,2023-10-14 22:11:45.314785
21.934,1.82,21.955,1.82,Zeta Markets,2023-10-14 22:11:45.314785
21.9272,2605.261,21.9654,2860.075,Zeta Markets,2023-10-14 22:11:45.314785
21.924,1822.96,21.966,2.73,Zeta Markets,2023-10-14 22:11:45.314785
21.923,2.73,21.972,22.78,Zeta Markets,2023-10-14 22:11:45.314785
21.9185,3071.448,21.9742,6914.038,Zeta Markets,2023-10-14 22:11:45.314785
21.913,2734.45,21.977,117.57,Zeta Markets,2023-10-14 22:11:45.314785
21.912,3.64,21.988,1143.9,Zeta Markets,2023-10-14 22:11:45.314785
21.901,4.55,22.003,1822.96,Zeta Markets,2023-10-14 22:11:45.314785
21.846,5.46,22.014,2734.45,Zeta Markets,2023-10-14 22:11:45.314785
21.613,13.67,22.043,5.46,Zeta Markets,2023-10-14 22:11:45.314785
21.505,18.22,22.271,13.67,Zeta Markets,2023-10-14 22:11:45.314785
21.451,22.78,22.382,18.22,Zeta Markets,2023-10-14 22:11:45.314785
21.397,27.34,22.438,22.78,Zeta Markets,2023-10-14 22:11:45.314785
21.342,31.9,22.494,27.34,Zeta Markets,2023-10-14 22:11:45.314785
20.88,100.0,22.549,31.9,Zeta Markets,2023-10-14 22:11:45.314785
20.8,100.0,22.95,200.0,Zeta Markets,2023-10-14 22:11:45.314785
20.75,100.0,23.0,10.0,Zeta Markets,2023-10-14 22:11:45.314785
20.65,100.0,23.5,100.0,Zeta Markets,2023-10-14 22:11:45.314785
20.6,100.0,23.55,100.0,Zeta Markets,2023-10-14 22:11:45.314785
20.11,100.0,23.9,100.0,Zeta Markets,2023-10-14 22:11:45.314785
20.06,100.0,25.0,0.001,Zeta Markets,2023-10-14 22:11:45.314785
20.01,100.0,29.0,0.001,Zeta Markets,2023-10-14 22:11:45.314785
19.95,100.0,30.0,0.1,Zeta Markets,2023-10-14 22:11:45.314785
16.45,48.936,40.001,1.362,Zeta Markets,2023-10-14 22:11:45.314785
15.0,1.0,,,Zeta Markets,2023-10-14 22:11:45.314785
14.0,0.4,,,Zeta Markets,2023-10-14 22:11:45.314785
12.23,0.183,,,Zeta Markets,2023-10-14 22:11:45.314785
12.0,0.1,,,Zeta Markets,2023-10-14 22:11:45.314785
10.0,0.001,,,Zeta Markets,2023-10-14 22:11:45.314785
3.0,0.01,,,Zeta Markets,2023-10-14 22:11:45.314785
1.9,0.001,,,Zeta Markets,2023-10-14 22:11:45.314785
1.0,0.01,,,Zeta Markets,2023-10-14 22:11:45.314785
0.03,0.001,,,Zeta Markets,2023-10-14 22:11:45.314785
0.002,0.004,,,Zeta Markets,2023-10-14 22:11:45.314785
21.9917,1524.769,21.9918,9.513,Zeta Markets,2023-10-14 23:12:28.509980
21.983,1.81,21.9951,237.821,Zeta Markets,2023-10-14 23:12:28.509980
21.9769,2599.037,21.9984,1426.925,Zeta Markets,2023-10-14 23:12:28.509980
21.972,2.72,22.005,1.81,Zeta Markets,2023-10-14 23:12:28.509980
21.9681,3081.324,22.016,2856.571,Zeta Markets,2023-10-14 23:12:28.509980
21.961,3.63,22.0248,6923.914,Zeta Markets,2023-10-14 23:12:28.509980
21.95,4.54,22.027,3.63,Zeta Markets,2023-10-14 23:12:28.509980
21.895,5.45,22.038,4.54,Zeta Markets,2023-10-14 23:12:28.509980
21.659,13.64,22.093,5.45,Zeta Markets,2023-10-14 23:12:28.509980
21.551,18.19,22.319,13.64,Zeta Markets,2023-10-14 23:12:28.509980
21.497,22.73,22.43,18.19,Zeta Markets,2023-10-14 23:12:28.509980
21.443,27.28,22.486,22.73,Zeta Markets,2023-10-14 23:12:28.509980
21.388,31.83,22.542,27.28,Zeta Markets,2023-10-14 23:12:28.509980
20.88,100.0,22.598,31.83,Zeta Markets,2023-10-14 23:12:28.509980
20.8,100.0,22.95,200.0,Zeta Markets,2023-10-14 23:12:28.509980
20.75,100.0,23.0,10.0,Zeta Markets,2023-10-14 23:12:28.509980
20.65,100.0,23.5,100.0,Zeta Markets,2023-10-14 23:12:28.509980
20.6,100.0,23.55,100.0,Zeta Markets,2023-10-14 23:12:28.509980
20.11,100.0,23.9,100.0,Zeta Markets,2023-10-14 23:12:28.509980
20.06,100.0,25.0,0.001,Zeta Markets,2023-10-14 23:12:28.509980
20.01,100.0,29.0,0.001,Zeta Markets,2023-10-14 23:12:28.509980
19.95,100.0,30.0,0.1,Zeta Markets,2023-10-14 23:12:28.509980
16.45,48.936,40.001,1.362,Zeta Markets,2023-10-14 23:12:28.509980
15.0,1.0,,,Zeta Markets,2023-10-14 23:12:28.509980
14.0,0.4,,,Zeta Markets,2023-10-14 23:12:28.509980
12.23,0.183,,,Zeta Markets,2023-10-14 23:12:28.509980
12.0,0.1,,,Zeta Markets,2023-10-14 23:12:28.509980
10.0,0.001,,,Zeta Markets,2023-10-14 23:12:28.509980
3.0,0.01,,,Zeta Markets,2023-10-14 23:12:28.509980
1.9,0.001,,,Zeta Markets,2023-10-14 23:12:28.509980
1.0,0.01,,,Zeta Markets,2023-10-14 23:12:28.509980
0.03,0.001,,,Zeta Markets,2023-10-14 23:12:28.509980
0.002,0.004,,,Zeta Markets,2023-10-14 23:12:28.509980
21.8675,1579.315,21.8676,55.001,Zeta Markets,2023-10-15 01:04:29.515403
21.8538,2614.567,21.8692,239.115,Zeta Markets,2023-10-15 01:04:29.515403
21.8451,3056.683,21.8725,1434.69,Zeta Markets,2023-10-15 01:04:29.515403
21.541,13.71,21.89,2869.381,Zeta Markets,2023-10-15 01:04:29.515403
21.433,18.29,21.8987,6899.273,Zeta Markets,2023-10-15 01:04:29.515403
21.38,22.86,22.197,13.71,Zeta Markets,2023-10-15 01:04:29.515403
21.326,27.43,22.308,18.29,Zeta Markets,2023-10-15 01:04:29.515403
21.272,32.0,22.364,22.86,Zeta Markets,2023-10-15 01:04:29.515403
20.88,100.0,22.419,27.43,Zeta Markets,2023-10-15 01:04:29.515403
20.8,100.0,22.475,32.0,Zeta Markets,2023-10-15 01:04:29.515403
20.75,100.0,22.95,200.0,Zeta Markets,2023-10-15 01:04:29.515403
20.65,100.0,23.0,10.0,Zeta Markets,2023-10-15 01:04:29.515403
20.6,100.0,23.5,100.0,Zeta Markets,2023-10-15 01:04:29.515403
20.11,100.0,23.55,100.0,Zeta Markets,2023-10-15 01:04:29.515403
20.06,100.0,23.9,100.0,Zeta Markets,2023-10-15 01:04:29.515403
20.01,100.0,25.0,0.001,Zeta Markets,2023-10-15 01:04:29.515403
19.95,100.0,29.0,0.001,Zeta Markets,2023-10-15 01:04:29.515403
16.45,48.936,30.0,0.1,Zeta Markets,2023-10-15 01:04:29.515403
15.0,1.0,40.001,1.362,Zeta Markets,2023-10-15 01:04:29.515403
14.0,0.4,,,Zeta Markets,2023-10-15 01:04:29.515403
12.23,0.183,,,Zeta Markets,2023-10-15 01:04:29.515403
12.0,0.1,,,Zeta Markets,2023-10-15 01:04:29.515403
10.0,0.001,,,Zeta Markets,2023-10-15 01:04:29.515403
3.0,0.01,,,Zeta Markets,2023-10-15 01:04:29.515403
1.9,0.001,,,Zeta Markets,2023-10-15 01:04:29.515403
1.0,0.01,,,Zeta Markets,2023-10-15 01:04:29.515403
0.03,0.001,,,Zeta Markets,2023-10-15 01:04:29.515403
0.002,0.004,,,Zeta Markets,2023-10-15 01:04:29.515403
0.0001,0.003,,,Zeta Markets,2023-10-15 01:04:29.515403
22.0304,1659.0,22.0305,246.853,Zeta Markets,2023-10-15 02:22:46.126610
22.027,1134.83,22.0331,1424.153,Zeta Markets,2023-10-15 02:22:46.126610
22.0138,2595.734,22.0507,2848.306,Zeta Markets,2023-10-15 02:22:46.126610
22.012,1815.72,22.0595,6914.027,Zeta Markets,2023-10-15 02:22:46.126610
22.005,3105.25,22.06,22.69,Zeta Markets,2023-10-15 02:22:46.126610
22.001,2723.59,22.065,113.48,Zeta Markets,2023-10-15 02:22:46.126610
21.699,13.61,22.076,1134.83,Zeta Markets,2023-10-15 02:22:46.126610
21.59,18.15,22.091,1815.72,Zeta Markets,2023-10-15 02:22:46.126610
21.536,22.69,22.102,2723.59,Zeta Markets,2023-10-15 02:22:46.126610
21.482,27.23,22.17,100.0,Zeta Markets,2023-10-15 02:22:46.126610
21.428,31.77,22.36,13.61,Zeta Markets,2023-10-15 02:22:46.126610
20.88,100.0,22.472,18.15,Zeta Markets,2023-10-15 02:22:46.126610
20.8,100.0,22.527,22.69,Zeta Markets,2023-10-15 02:22:46.126610
20.75,100.0,22.583,27.23,Zeta Markets,2023-10-15 02:22:46.126610
20.65,100.0,22.639,31.77,Zeta Markets,2023-10-15 02:22:46.126610
20.6,100.0,22.95,200.0,Zeta Markets,2023-10-15 02:22:46.126610
20.11,100.0,23.0,10.0,Zeta Markets,2023-10-15 02:22:46.126610
20.06,100.0,23.5,100.0,Zeta Markets,2023-10-15 02:22:46.126610
20.01,100.0,23.55,100.0,Zeta Markets,2023-10-15 02:22:46.126610
19.95,100.0,23.9,100.0,Zeta Markets,2023-10-15 02:22:46.126610
16.45,48.936,25.0,0.001,Zeta Markets,2023-10-15 02:22:46.126610
15.0,1.0,29.0,0.001,Zeta Markets,2023-10-15 02:22:46.126610
14.0,0.4,30.0,0.1,Zeta Markets,2023-10-15 02:22:46.126610
12.23,0.183,40.001,1.362,Zeta Markets,2023-10-15 02:22:46.126610
12.0,0.1,,,Zeta Markets,2023-10-15 02:22:46.126610
10.0,0.001,,,Zeta Markets,2023-10-15 02:22:46.126610
3.0,0.01,,,Zeta Markets,2023-10-15 02:22:46.126610
1.9,0.001,,,Zeta Markets,2023-10-15 02:22:46.126610
1.0,0.01,,,Zeta Markets,2023-10-15 02:22:46.126610
0.03,0.001,,,Zeta Markets,2023-10-15 02:22:46.126610
0.002,0.004,,,Zeta Markets,2023-10-15 02:22:46.126610
21.9955,1662.113,21.9956,247.159,Zeta Markets,2023-10-15 03:13:47.305934
21.992,1136.62,21.9985,1425.919,Zeta Markets,2023-10-15 03:13:47.305934
21.9801,2600.665,22.0161,2851.837,Zeta Markets,2023-10-15 03:13:47.305934
21.977,1818.6,22.0249,6896.766,Zeta Markets,2023-10-15 03:13:47.305934
21.9713,3109.083,22.025,22.73,Zeta Markets,2023-10-15 03:13:47.305934
21.966,2727.9,22.03,113.66,Zeta Markets,2023-10-15 03:13:47.305934
21.665,13.63,22.041,1136.62,Zeta Markets,2023-10-15 03:13:47.305934
21.556,18.18,22.056,1818.6,Zeta Markets,2023-10-15 03:13:47.305934
21.502,22.73,22.067,2727.9,Zeta Markets,2023-10-15 03:13:47.305934
21.448,27.27,22.17,100.0,Zeta Markets,2023-10-15 03:13:47.305934
21.394,31.82,22.324,13.63,Zeta Markets,2023-10-15 03:13:47.305934
20.88,100.0,22.436,18.18,Zeta Markets,2023-10-15 03:13:47.305934
20.8,100.0,22.492,22.73,Zeta Markets,2023-10-15 03:13:47.305934
20.75,100.0,22.548,27.27,Zeta Markets,2023-10-15 03:13:47.305934
20.65,100.0,22.603,31.82,Zeta Markets,2023-10-15 03:13:47.305934
20.6,100.0,22.95,200.0,Zeta Markets,2023-10-15 03:13:47.305934
20.11,100.0,23.0,10.0,Zeta Markets,2023-10-15 03:13:47.305934
20.06,100.0,23.5,100.0,Zeta Markets,2023-10-15 03:13:47.305934
20.01,100.0,23.55,100.0,Zeta Markets,2023-10-15 03:13:47.305934
19.95,100.0,23.9,100.0,Zeta Markets,2023-10-15 03:13:47.305934
16.45,48.936,25.0,0.001,Zeta Markets,2023-10-15 03:13:47.305934
15.0,1.0,29.0,0.001,Zeta Markets,2023-10-15 03:13:47.305934
14.0,0.4,30.0,0.1,Zeta Markets,2023-10-15 03:13:47.305934
12.23,0.183,40.001,1.362,Zeta Markets,2023-10-15 03:13:47.305934
12.0,0.1,,,Zeta Markets,2023-10-15 03:13:47.305934
10.0,0.001,,,Zeta Markets,2023-10-15 03:13:47.305934
3.0,0.01,,,Zeta Markets,2023-10-15 03:13:47.305934
1.9,0.001,,,Zeta Markets,2023-10-15 03:13:47.305934
1.0,0.01,,,Zeta Markets,2023-10-15 03:13:47.305934
0.03,0.001,,,Zeta Markets,2023-10-15 03:13:47.305934
0.002,0.004,,,Zeta Markets,2023-10-15 03:13:47.305934
0.0001,0.003,,,Zeta Markets,2023-10-15 03:13:47.305934
21.9041,1532.307,21.9042,9.542,Zeta Markets,2023-10-15 04:15:29.327404
21.9039,136.95,21.9075,238.555,Zeta Markets,2023-10-15 04:15:29.327404
21.901,1141.36,21.9108,1431.328,Zeta Markets,2023-10-15 04:15:29.327404
21.8909,2611.888,21.9283,2862.657,Zeta Markets,2023-10-15 04:15:29.327404
21.886,1826.19,21.934,22.82,Zeta Markets,2023-10-15 04:15:29.327404
21.8821,3094.641,21.937,6876.234,Zeta Markets,2023-10-15 04:15:29.327404
21.875,2739.28,21.938,114.13,Zeta Markets,2023-10-15 04:15:29.327404
21.575,13.69,21.949,1141.36,Zeta Markets,2023-10-15 04:15:29.327404
21.467,18.26,21.964,1826.19,Zeta Markets,2023-10-15 04:15:29.327404
21.413,22.82,21.975,2739.28,Zeta Markets,2023-10-15 04:15:29.327404
21.359,27.39,22.17,100.0,Zeta Markets,2023-10-15 04:15:29.327404
21.305,31.95,22.232,13.69,Zeta Markets,2023-10-15 04:15:29.327404
20.88,100.0,22.343,18.26,Zeta Markets,2023-10-15 04:15:29.327404
20.8,100.0,22.398,22.82,Zeta Markets,2023-10-15 04:15:29.327404
20.75,100.0,22.454,27.39,Zeta Markets,2023-10-15 04:15:29.327404
20.65,100.0,22.51,31.95,Zeta Markets,2023-10-15 04:15:29.327404
20.6,100.0,22.95,200.0,Zeta Markets,2023-10-15 04:15:29.327404
20.11,100.0,23.0,10.0,Zeta Markets,2023-10-15 04:15:29.327404
20.06,100.0,23.5,100.0,Zeta Markets,2023-10-15 04:15:29.327404
20.01,100.0,23.55,100.0,Zeta Markets,2023-10-15 04:15:29.327404
19.95,100.0,23.9,100.0,Zeta Markets,2023-10-15 04:15:29.327404
16.45,48.936,25.0,0.001,Zeta Markets,2023-10-15 04:15:29.327404
15.0,1.0,29.0,0.001,Zeta Markets,2023-10-15 04:15:29.327404
14.0,0.4,30.0,0.1,Zeta Markets,2023-10-15 04:15:29.327404
12.23,0.183,40.001,1.362,Zeta Markets,2023-10-15 04:15:29.327404
12.0,0.1,,,Zeta Markets,2023-10-15 04:15:29.327404
10.0,0.001,,,Zeta Markets,2023-10-15 04:15:29.327404
3.0,0.01,,,Zeta Markets,2023-10-15 04:15:29.327404
1.9,0.001,,,Zeta Markets,2023-10-15 04:15:29.327404
1.0,0.01,,,Zeta Markets,2023-10-15 04:15:29.327404
0.03,0.001,,,Zeta Markets,2023-10-15 04:15:29.327404
0.002,0.004,,,Zeta Markets,2023-10-15 04:15:29.327404
0.0001,0.003,,,Zeta Markets,2023-10-15 04:15:29.327404
21.8838,1533.812,21.8839,9.551,Zeta Markets,2023-10-15 05:12:15.343920
21.8703,2614.451,21.8871,238.768,Zeta Markets,2023-10-15 05:12:15.343920
21.8615,3090.573,21.8904,1432.61,Zeta Markets,2023-10-15 05:12:15.343920
21.556,13.7,21.9079,2865.22,Zeta Markets,2023-10-15 05:12:15.343920
21.448,18.27,21.9167,6872.167,Zeta Markets,2023-10-15 05:12:15.343920
21.395,22.84,22.17,100.0,Zeta Markets,2023-10-15 05:12:15.343920
21.341,27.41,22.213,13.7,Zeta Markets,2023-10-15 05:12:15.343920
21.287,31.98,22.324,18.27,Zeta Markets,2023-10-15 05:12:15.343920
20.88,100.0,22.379,22.84,Zeta Markets,2023-10-15 05:12:15.343920
20.8,100.0,22.435,27.41,Zeta Markets,2023-10-15 05:12:15.343920
20.75,100.0,22.49,31.98,Zeta Markets,2023-10-15 05:12:15.343920
20.65,100.0,22.95,200.0,Zeta Markets,2023-10-15 05:12:15.343920
20.6,100.0,23.0,10.0,Zeta Markets,2023-10-15 05:12:15.343920
20.11,100.0,23.5,100.0,Zeta Markets,2023-10-15 05:12:15.343920
20.06,100.0,23.55,100.0,Zeta Markets,2023-10-15 05:12:15.343920
20.01,100.0,23.9,100.0,Zeta Markets,2023-10-15 05:12:15.343920
19.95,100.0,25.0,0.001,Zeta Markets,2023-10-15 05:12:15.343920
16.45,48.936,29.0,0.001,Zeta Markets,2023-10-15 05:12:15.343920
15.0,1.0,30.0,0.1,Zeta Markets,2023-10-15 05:12:15.343920
14.0,0.4,40.001,1.362,Zeta Markets,2023-10-15 05:12:15.343920
12.23,0.183,,,Zeta Markets,2023-10-15 05:12:15.343920
12.0,0.1,,,Zeta Markets,2023-10-15 05:12:15.343920
10.0,0.001,,,Zeta Markets,2023-10-15 05:12:15.343920
3.0,0.01,,,Zeta Markets,2023-10-15 05:12:15.343920
1.9,0.001,,,Zeta Markets,2023-10-15 05:12:15.343920
1.0,0.01,,,Zeta Markets,2023-10-15 05:12:15.343920
0.03,0.001,,,Zeta Markets,2023-10-15 05:12:15.343920
0.002,0.004,,,Zeta Markets,2023-10-15 05:12:15.343920
21.8909,1574.738,21.891,41.473,Zeta Markets,2023-10-15 06:17:15.972224
21.8778,2613.521,21.8912,9.548,Zeta Markets,2023-10-15 06:17:15.972224
21.869,3092.05,21.8945,238.691,Zeta Markets,2023-10-15 06:17:15.972224
21.563,13.7,21.8978,1432.145,Zeta Markets,2023-10-15 06:17:15.972224
21.455,18.27,21.9153,2864.29,Zeta Markets,2023-10-15 06:17:15.972224
21.401,22.83,21.924,6873.643,Zeta Markets,2023-10-15 06:17:15.972224
21.347,27.4,22.17,100.0,Zeta Markets,2023-10-15 06:17:15.972224
21.293,31.97,22.22,13.7,Zeta Markets,2023-10-15 06:17:15.972224
20.88,100.0,22.331,18.27,Zeta Markets,2023-10-15 06:17:15.972224
20.8,100.0,22.386,22.83,Zeta Markets,2023-10-15 06:17:15.972224
20.75,100.0,22.442,27.4,Zeta Markets,2023-10-15 06:17:15.972224
20.65,100.0,22.497,31.97,Zeta Markets,2023-10-15 06:17:15.972224
20.6,100.0,22.95,200.0,Zeta Markets,2023-10-15 06:17:15.972224
20.11,100.0,23.0,10.0,Zeta Markets,2023-10-15 06:17:15.972224
20.06,100.0,23.5,100.0,Zeta Markets,2023-10-15 06:17:15.972224
20.01,100.0,23.55,100.0,Zeta Markets,2023-10-15 06:17:15.972224
19.95,100.0,23.9,100.0,Zeta Markets,2023-10-15 06:17:15.972224
16.45,48.936,25.0,0.001,Zeta Markets,2023-10-15 06:17:15.972224
15.0,1.0,29.0,0.001,Zeta Markets,2023-10-15 06:17:15.972224
14.0,0.4,30.0,0.1,Zeta Markets,2023-10-15 06:17:15.972224
12.23,0.183,40.001,1.362,Zeta Markets,2023-10-15 06:17:15.972224
12.0,0.1,,,Zeta Markets,2023-10-15 06:17:15.972224
10.0,0.001,,,Zeta Markets,2023-10-15 06:17:15.972224
3.0,0.01,,,Zeta Markets,2023-10-15 06:17:15.972224
1.9,0.001,,,Zeta Markets,2023-10-15 06:17:15.972224
1.0,0.01,,,Zeta Markets,2023-10-15 06:17:15.972224
0.03,0.001,,,Zeta Markets,2023-10-15 06:17:15.972224
0.002,0.004,,,Zeta Markets,2023-10-15 06:17:15.972224
0.0001,0.003,,,Zeta Markets,2023-10-15 06:17:15.972224
21.9319,1667.096,21.932,9.531,Zeta Markets,2023-10-15 07:11:31.671345
21.929,1139.88,21.9337,238.273,Zeta Markets,2023-10-15 07:11:31.671345
21.9187,2608.511,21.937,1429.64,Zeta Markets,2023-10-15 07:11:31.671345
21.914,1823.82,21.9546,2859.28,Zeta Markets,2023-10-15 07:11:31.671345
21.91,3099.999,21.962,22.79,Zeta Markets,2023-10-15 07:11:31.671345
21.903,2735.73,21.9633,6881.593,Zeta Markets,2023-10-15 07:11:31.671345
21.603,13.67,21.967,113.98,Zeta Markets,2023-10-15 07:11:31.671345
21.495,18.23,21.978,1139.88,Zeta Markets,2023-10-15 07:11:31.671345
21.441,22.79,21.993,1823.82,Zeta Markets,2023-10-15 07:11:31.671345
21.387,27.35,22.004,2735.73,Zeta Markets,2023-10-15 07:11:31.671345
21.333,31.91,22.17,100.0,Zeta Markets,2023-10-15 07:11:31.671345
20.88,100.0,22.261,13.67,Zeta Markets,2023-10-15 07:11:31.671345
20.8,100.0,22.372,18.23,Zeta Markets,2023-10-15 07:11:31.671345
20.75,100.0,22.427,22.79,Zeta Markets,2023-10-15 07:11:31.671345
20.65,100.0,22.483,27.35,Zeta Markets,2023-10-15 07:11:31.671345
20.6,100.0,22.539,31.91,Zeta Markets,2023-10-15 07:11:31.671345
20.11,100.0,22.95,200.0,Zeta Markets,2023-10-15 07:11:31.671345
20.06,100.0,23.0,10.0,Zeta Markets,2023-10-15 07:11:31.671345
20.01,100.0,23.5,100.0,Zeta Markets,2023-10-15 07:11:31.671345
19.95,100.0,23.55,100.0,Zeta Markets,2023-10-15 07:11:31.671345
16.45,48.936,23.9,100.0,Zeta Markets,2023-10-15 07:11:31.671345
15.0,1.0,25.0,0.001,Zeta Markets,2023-10-15 07:11:31.671345
14.0,0.4,29.0,0.001,Zeta Markets,2023-10-15 07:11:31.671345
12.23,0.183,30.0,0.1,Zeta Markets,2023-10-15 07:11:31.671345
12.0,0.1,40.001,1.362,Zeta Markets,2023-10-15 07:11:31.671345
10.0,0.001,,,Zeta Markets,2023-10-15 07:11:31.671345
3.0,0.01,,,Zeta Markets,2023-10-15 07:11:31.671345
1.9,0.001,,,Zeta Markets,2023-10-15 07:11:31.671345
1.0,0.01,,,Zeta Markets,2023-10-15 07:11:31.671345
0.03,0.001,,,Zeta Markets,2023-10-15 07:11:31.671345
0.002,0.004,,,Zeta Markets,2023-10-15 07:11:31.671345
21.8827,1534.67,21.8828,9.547,Zeta Markets,2023-10-15 08:15:45.407469
21.8826,137.1,21.886,238.662,Zeta Markets,2023-10-15 08:15:45.407469
21.879,1142.52,21.8893,1431.973,Zeta Markets,2023-10-15 08:15:45.407469
21.8701,2615.914,21.9068,2863.946,Zeta Markets,2023-10-15 08:15:45.407469
21.863,1828.03,21.912,22.85,Zeta Markets,2023-10-15 08:15:45.407469
21.8613,3111.053,21.9156,6851.388,Zeta Markets,2023-10-15 08:15:45.407469
21.853,2742.05,21.916,114.25,Zeta Markets,2023-10-15 08:15:45.407469
21.553,13.71,21.927,1142.52,Zeta Markets,2023-10-15 08:15:45.407469
21.445,18.28,21.942,1828.03,Zeta Markets,2023-10-15 08:15:45.407469
21.391,22.85,21.953,2742.05,Zeta Markets,2023-10-15 08:15:45.407469
21.337,27.42,22.17,100.0,Zeta Markets,2023-10-15 08:15:45.407469
21.283,31.99,22.209,13.71,Zeta Markets,2023-10-15 08:15:45.407469
20.88,100.0,22.32,18.28,Zeta Markets,2023-10-15 08:15:45.407469
20.8,100.0,22.376,22.85,Zeta Markets,2023-10-15 08:15:45.407469
20.75,100.0,22.431,27.42,Zeta Markets,2023-10-15 08:15:45.407469
20.65,100.0,22.487,31.99,Zeta Markets,2023-10-15 08:15:45.407469
20.6,100.0,22.95,200.0,Zeta Markets,2023-10-15 08:15:45.407469
20.11,100.0,23.0,10.0,Zeta Markets,2023-10-15 08:15:45.407469
20.06,100.0,23.5,100.0,Zeta Markets,2023-10-15 08:15:45.407469
20.01,100.0,23.55,100.0,Zeta Markets,2023-10-15 08:15:45.407469
19.95,100.0,23.9,100.0,Zeta Markets,2023-10-15 08:15:45.407469
16.45,48.936,25.0,0.001,Zeta Markets,2023-10-15 08:15:45.407469
15.0,1.0,29.0,0.001,Zeta Markets,2023-10-15 08:15:45.407469
14.0,0.4,30.0,0.1,Zeta Markets,2023-10-15 08:15:45.407469
12.23,0.183,40.001,1.362,Zeta Markets,2023-10-15 08:15:45.407469
12.0,0.1,,,Zeta Markets,2023-10-15 08:15:45.407469
10.0,0.001,,,Zeta Markets,2023-10-15 08:15:45.407469
3.0,0.01,,,Zeta Markets,2023-10-15 08:15:45.407469
1.9,0.001,,,Zeta Markets,2023-10-15 08:15:45.407469
1.0,0.01,,,Zeta Markets,2023-10-15 08:15:45.407469
0.03,0.001,,,Zeta Markets,2023-10-15 08:15:45.407469
0.002,0.004,,,Zeta Markets,2023-10-15 08:15:45.407469
0.0001,0.003,,,Zeta Markets,2023-10-15 08:15:45.407469
21.985,1526.574,21.9851,9.508,Zeta Markets,2023-10-15 09:12:11.979400
21.9839,1273.15,21.9884,237.695,Zeta Markets,2023-10-15 09:12:11.979400
21.974,1818.8,21.9917,1426.172,Zeta Markets,2023-10-15 09:12:11.979400
21.9712,2602.114,22.0093,2852.345,Zeta Markets,2023-10-15 09:12:11.979400
21.963,2728.21,22.0181,6888.108,Zeta Markets,2023-10-15 09:12:11.979400
21.9624,3114.636,22.023,22.73,Zeta Markets,2023-10-15 09:12:11.979400
21.662,13.64,22.027,113.67,Zeta Markets,2023-10-15 09:12:11.979400
21.554,18.18,22.038,1136.75,Zeta Markets,2023-10-15 09:12:11.979400
21.5,22.73,22.054,1818.8,Zeta Markets,2023-10-15 09:12:11.979400
21.445,27.28,22.065,2728.21,Zeta Markets,2023-10-15 09:12:11.979400
21.391,31.82,22.17,100.0,Zeta Markets,2023-10-15 09:12:11.979400
20.88,100.0,22.322,13.64,Zeta Markets,2023-10-15 09:12:11.979400
20.8,100.0,22.433,18.18,Zeta Markets,2023-10-15 09:12:11.979400
20.75,100.0,22.489,22.73,Zeta Markets,2023-10-15 09:12:11.979400
20.65,100.0,22.545,27.28,Zeta Markets,2023-10-15 09:12:11.979400
20.6,100.0,22.601,31.82,Zeta Markets,2023-10-15 09:12:11.979400
20.11,100.0,22.95,200.0,Zeta Markets,2023-10-15 09:12:11.979400
20.06,100.0,23.0,10.0,Zeta Markets,2023-10-15 09:12:11.979400
20.01,100.0,23.5,100.0,Zeta Markets,2023-10-15 09:12:11.979400
19.95,100.0,23.55,100.0,Zeta Markets,2023-10-15 09:12:11.979400
16.45,48.936,23.9,100.0,Zeta Markets,2023-10-15 09:12:11.979400
15.0,1.0,25.0,0.001,Zeta Markets,2023-10-15 09:12:11.979400
14.0,0.4,29.0,0.001,Zeta Markets,2023-10-15 09:12:11.979400
12.23,0.183,30.0,0.1,Zeta Markets,2023-10-15 09:12:11.979400
12.0,0.1,40.001,1.362,Zeta Markets,2023-10-15 09:12:11.979400
10.0,0.001,,,Zeta Markets,2023-10-15 09:12:11.979400
3.0,0.01,,,Zeta Markets,2023-10-15 09:12:11.979400
1.9,0.001,,,Zeta Markets,2023-10-15 09:12:11.979400
1.0,0.01,,,Zeta Markets,2023-10-15 09:12:11.979400
0.03,0.001,,,Zeta Markets,2023-10-15 09:12:11.979400
0.002,0.004,,,Zeta Markets,2023-10-15 09:12:11.979400
21.9123,1533.534,21.9124,0.666,Zeta Markets,2023-10-15 10:13:28.976759
21.8982,2612.841,21.9126,9.533,Zeta Markets,2023-10-15 10:13:28.976759
21.8894,3125.01,21.9159,238.315,Zeta Markets,2023-10-15 10:13:28.976759
21.59,13.68,21.9191,1429.892,Zeta Markets,2023-10-15 10:13:28.976759
21.482,18.24,21.9367,2859.784,Zeta Markets,2023-10-15 10:13:28.976759
21.428,22.81,21.9454,6848.91,Zeta Markets,2023-10-15 10:13:28.976759
21.374,27.37,22.17,100.0,Zeta Markets,2023-10-15 10:13:28.976759
21.32,31.93,22.248,13.68,Zeta Markets,2023-10-15 10:13:28.976759
20.88,100.0,22.359,18.24,Zeta Markets,2023-10-15 10:13:28.976759
20.8,100.0,22.414,22.81,Zeta Markets,2023-10-15 10:13:28.976759
20.75,100.0,22.47,27.37,Zeta Markets,2023-10-15 10:13:28.976759
20.65,100.0,22.526,31.93,Zeta Markets,2023-10-15 10:13:28.976759
20.6,100.0,22.95,200.0,Zeta Markets,2023-10-15 10:13:28.976759
20.11,100.0,23.0,10.0,Zeta Markets,2023-10-15 10:13:28.976759
20.06,100.0,23.5,100.0,Zeta Markets,2023-10-15 10:13:28.976759
20.01,100.0,23.55,100.0,Zeta Markets,2023-10-15 10:13:28.976759
19.95,100.0,23.9,100.0,Zeta Markets,2023-10-15 10:13:28.976759
16.45,48.936,25.0,0.001,Zeta Markets,2023-10-15 10:13:28.976759
15.0,1.0,29.0,0.001,Zeta Markets,2023-10-15 10:13:28.976759
14.0,0.4,30.0,0.1,Zeta Markets,2023-10-15 10:13:28.976759
12.23,0.183,40.001,1.362,Zeta Markets,2023-10-15 10:13:28.976759
12.0,0.1,,,Zeta Markets,2023-10-15 10:13:28.976759
10.0,0.001,,,Zeta Markets,2023-10-15 10:13:28.976759
3.0,0.01,,,Zeta Markets,2023-10-15 10:13:28.976759
1.9,0.001,,,Zeta Markets,2023-10-15 10:13:28.976759
1.0,0.01,,,Zeta Markets,2023-10-15 10:13:28.976759
0.03,0.001,,,Zeta Markets,2023-10-15 10:13:28.976759
0.002,0.004,,,Zeta Markets,2023-10-15 10:13:28.976759
0.0001,0.003,,,Zeta Markets,2023-10-15 10:13:28.976759
21.8936,364.566,21.8937,247.273,Zeta Markets,2023-10-15 11:10:25.785756
21.8932,1312.764,21.8948,1426.573,Zeta Markets,2023-10-15 11:10:25.785756
21.889,1141.96,21.9123,2853.146,Zeta Markets,2023-10-15 11:10:25.785756
21.8757,2625.528,21.9211,6698.403,Zeta Markets,2023-10-15 11:10:25.785756
21.874,1827.15,21.922,22.83,Zeta Markets,2023-10-15 11:10:25.785756
21.8669,3265.921,21.927,114.19,Zeta Markets,2023-10-15 11:10:25.785756
21.863,2740.72,21.938,1141.96,Zeta Markets,2023-10-15 11:10:25.785756
21.563,13.7,21.953,1827.15,Zeta Markets,2023-10-15 11:10:25.785756
21.455,18.27,21.964,2740.72,Zeta Markets,2023-10-15 11:10:25.785756
21.401,22.83,22.17,100.0,Zeta Markets,2023-10-15 11:10:25.785756
21.348,27.4,22.22,13.7,Zeta Markets,2023-10-15 11:10:25.785756
21.294,31.97,22.331,18.27,Zeta Markets,2023-10-15 11:10:25.785756
20.88,100.0,22.387,22.83,Zeta Markets,2023-10-15 11:10:25.785756
20.8,100.0,22.442,27.4,Zeta Markets,2023-10-15 11:10:25.785756
20.75,100.0,22.498,31.97,Zeta Markets,2023-10-15 11:10:25.785756
20.65,100.0,22.95,200.0,Zeta Markets,2023-10-15 11:10:25.785756
20.6,100.0,23.0,10.0,Zeta Markets,2023-10-15 11:10:25.785756
20.11,100.0,23.5,100.0,Zeta Markets,2023-10-15 11:10:25.785756
20.06,100.0,23.55,100.0,Zeta Markets,2023-10-15 11:10:25.785756
20.01,100.0,23.9,100.0,Zeta Markets,2023-10-15 11:10:25.785756
19.95,100.0,25.0,0.001,Zeta Markets,2023-10-15 11:10:25.785756
16.45,48.936,29.0,0.001,Zeta Markets,2023-10-15 11:10:25.785756
15.0,1.0,30.0,0.1,Zeta Markets,2023-10-15 11:10:25.785756
14.0,0.4,40.001,1.362,Zeta Markets,2023-10-15 11:10:25.785756
12.23,0.183,,,Zeta Markets,2023-10-15 11:10:25.785756
12.0,0.1,,,Zeta Markets,2023-10-15 11:10:25.785756
10.0,0.001,,,Zeta Markets,2023-10-15 11:10:25.785756
3.0,0.01,,,Zeta Markets,2023-10-15 11:10:25.785756
1.9,0.001,,,Zeta Markets,2023-10-15 11:10:25.785756
1.0,0.01,,,Zeta Markets,2023-10-15 11:10:25.785756
0.03,0.001,,,Zeta Markets,2023-10-15 11:10:25.785756
0.002,0.004,,,Zeta Markets,2023-10-15 11:10:25.785756
21.8067,1709.404,21.8068,9.405,Zeta Markets,2023-10-15 12:24:39.567941
21.804,1146.45,21.8071,235.116,Zeta Markets,2023-10-15 12:24:39.567941
21.792,2679.281,21.8103,1410.695,Zeta Markets,2023-10-15 12:24:39.567941
21.788,1834.32,21.8278,2821.39,Zeta Markets,2023-10-15 12:24:39.567941
21.7833,3893.205,21.836,22.92,Zeta Markets,2023-10-15 12:24:39.567941
21.778,2751.48,21.8365,6036.216,Zeta Markets,2023-10-15 12:24:39.567941
21.479,13.75,21.841,114.64,Zeta Markets,2023-10-15 12:24:39.567941
21.371,18.34,21.852,1146.45,Zeta Markets,2023-10-15 12:24:39.567941
21.318,22.92,21.867,1834.32,Zeta Markets,2023-10-15 12:24:39.567941
21.264,27.51,21.878,2751.48,Zeta Markets,2023-10-15 12:24:39.567941
21.21,32.1,22.133,13.75,Zeta Markets,2023-10-15 12:24:39.567941
20.88,100.0,22.17,100.0,Zeta Markets,2023-10-15 12:24:39.567941
20.8,100.0,22.244,18.34,Zeta Markets,2023-10-15 12:24:39.567941
20.75,100.0,22.299,22.92,Zeta Markets,2023-10-15 12:24:39.567941
20.65,100.0,22.354,27.51,Zeta Markets,2023-10-15 12:24:39.567941
20.6,100.0,22.41,32.1,Zeta Markets,2023-10-15 12:24:39.567941
20.11,100.0,22.95,200.0,Zeta Markets,2023-10-15 12:24:39.567941
20.06,100.0,23.0,10.0,Zeta Markets,2023-10-15 12:24:39.567941
20.01,100.0,23.5,100.0,Zeta Markets,2023-10-15 12:24:39.567941
19.95,100.0,23.55,100.0,Zeta Markets,2023-10-15 12:24:39.567941
16.45,48.936,23.9,100.0,Zeta Markets,2023-10-15 12:24:39.567941
15.0,1.0,25.0,0.001,Zeta Markets,2023-10-15 12:24:39.567941
14.0,0.4,29.0,0.001,Zeta Markets,2023-10-15 12:24:39.567941
12.23,0.183,30.0,0.1,Zeta Markets,2023-10-15 12:24:39.567941
12.0,0.1,40.001,1.362,Zeta Markets,2023-10-15 12:24:39.567941
10.0,0.001,,,Zeta Markets,2023-10-15 12:24:39.567941
3.0,0.01,,,Zeta Markets,2023-10-15 12:24:39.567941
1.9,0.001,,,Zeta Markets,2023-10-15 12:24:39.567941
1.0,0.01,,,Zeta Markets,2023-10-15 12:24:39.567941
0.03,0.001,,,Zeta Markets,2023-10-15 12:24:39.567941
0.002,0.004,,,Zeta Markets,2023-10-15 12:24:39.567941
21.8083,1710.071,21.8084,9.399,Zeta Markets,2023-10-15 13:14:29.325346
21.806,1146.35,21.8088,234.982,Zeta Markets,2023-10-15 13:14:29.325346
21.7941,2680.433,21.812,1409.893,Zeta Markets,2023-10-15 13:14:29.325346
21.79,1834.17,21.8295,2819.785,Zeta Markets,2023-10-15 13:14:29.325346
21.7854,3914.356,21.838,22.92,Zeta Markets,2023-10-15 13:14:29.325346
21.779,2751.25,21.8382,6015.783,Zeta Markets,2023-10-15 13:14:29.325346
21.481,13.75,21.843,114.63,Zeta Markets,2023-10-15 13:14:29.325346
21.373,18.34,21.854,1146.35,Zeta Markets,2023-10-15 13:14:29.325346
21.32,22.92,21.869,1834.17,Zeta Markets,2023-10-15 13:14:29.325346
21.266,27.51,21.88,2751.25,Zeta Markets,2023-10-15 13:14:29.325346
21.212,32.09,22.135,13.75,Zeta Markets,2023-10-15 13:14:29.325346
20.88,100.0,22.17,100.0,Zeta Markets,2023-10-15 13:14:29.325346
20.8,100.0,22.246,18.34,Zeta Markets,2023-10-15 13:14:29.325346
20.75,100.0,22.301,22.92,Zeta Markets,2023-10-15 13:14:29.325346
20.65,100.0,22.356,27.51,Zeta Markets,2023-10-15 13:14:29.325346
20.6,100.0,22.412,32.09,Zeta Markets,2023-10-15 13:14:29.325346
20.11,100.0,22.95,200.0,Zeta Markets,2023-10-15 13:14:29.325346
20.06,100.0,23.0,10.0,Zeta Markets,2023-10-15 13:14:29.325346
20.01,100.0,23.5,100.0,Zeta Markets,2023-10-15 13:14:29.325346
19.95,100.0,23.55,100.0,Zeta Markets,2023-10-15 13:14:29.325346
16.45,48.936,23.9,100.0,Zeta Markets,2023-10-15 13:14:29.325346
15.0,1.0,25.0,0.001,Zeta Markets,2023-10-15 13:14:29.325346
14.0,0.4,29.0,0.001,Zeta Markets,2023-10-15 13:14:29.325346
12.23,0.183,30.0,0.1,Zeta Markets,2023-10-15 13:14:29.325346
12.0,0.1,40.001,1.362,Zeta Markets,2023-10-15 13:14:29.325346
10.0,0.001,,,Zeta Markets,2023-10-15 13:14:29.325346
3.0,0.01,,,Zeta Markets,2023-10-15 13:14:29.325346
1.9,0.001,,,Zeta Markets,2023-10-15 13:14:29.325346
1.0,0.01,,,Zeta Markets,2023-10-15 13:14:29.325346
0.03,0.001,,,Zeta Markets,2023-10-15 13:14:29.325346
0.002,0.004,,,Zeta Markets,2023-10-15 13:14:29.325346
0.0001,0.003,,,Zeta Markets,2023-10-15 13:14:29.325346
21.8058,8.938,21.8059,9.4,Zeta Markets,2023-10-15 14:11:23.148213
21.805,223.451,21.8092,235.0,Zeta Markets,2023-10-15 14:11:23.148213
21.8018,1340.708,21.8124,1409.998,Zeta Markets,2023-10-15 14:11:23.148213
21.796,22.94,21.8299,2819.995,Zeta Markets,2023-10-15 14:11:23.148213
21.787,114.72,21.831,22.94,Zeta Markets,2023-10-15 14:11:23.148213
21.7843,2681.415,21.8386,6009.018,Zeta Markets,2023-10-15 14:11:23.148213
21.7756,3919.229,21.839,114.72,Zeta Markets,2023-10-15 14:11:23.148213
21.765,1147.21,21.861,1147.21,Zeta Markets,2023-10-15 14:11:23.148213
21.735,1835.53,21.892,1835.53,Zeta Markets,2023-10-15 14:11:23.148213
21.713,2753.3,21.914,2753.3,Zeta Markets,2023-10-15 14:11:23.148213
21.142,13.76,22.17,100.0,Zeta Markets,2023-10-15 14:11:23.148213
20.93,18.35,22.449,13.76,Zeta Markets,2023-10-15 14:11:23.148213
20.88,100.0,22.674,18.35,Zeta Markets,2023-10-15 14:11:23.148213
20.825,22.93,22.786,22.93,Zeta Markets,2023-10-15 14:11:23.148213
20.8,100.0,22.898,27.52,Zeta Markets,2023-10-15 14:11:23.148213
20.75,100.0,22.95,200.0,Zeta Markets,2023-10-15 14:11:23.148213
20.719,27.52,23.0,10.0,Zeta Markets,2023-10-15 14:11:23.148213
20.65,100.0,23.011,32.11,Zeta Markets,2023-10-15 14:11:23.148213
20.613,32.11,23.5,100.0,Zeta Markets,2023-10-15 14:11:23.148213
20.6,100.0,23.55,100.0,Zeta Markets,2023-10-15 14:11:23.148213
20.11,100.0,23.9,100.0,Zeta Markets,2023-10-15 14:11:23.148213
20.06,100.0,25.0,0.001,Zeta Markets,2023-10-15 14:11:23.148213
20.01,100.0,29.0,0.001,Zeta Markets,2023-10-15 14:11:23.148213
19.95,100.0,30.0,0.1,Zeta Markets,2023-10-15 14:11:23.148213
16.45,48.936,40.001,1.362,Zeta Markets,2023-10-15 14:11:23.148213
15.0,1.0,,,Zeta Markets,2023-10-15 14:11:23.148213
14.0,0.4,,,Zeta Markets,2023-10-15 14:11:23.148213
12.23,0.183,,,Zeta Markets,2023-10-15 14:11:23.148213
12.0,0.1,,,Zeta Markets,2023-10-15 14:11:23.148213
10.0,0.001,,,Zeta Markets,2023-10-15 14:11:23.148213
3.0,0.01,,,Zeta Markets,2023-10-15 14:11:23.148213
1.9,0.001,,,Zeta Markets,2023-10-15 14:11:23.148213
1.0,0.01,,,Zeta Markets,2023-10-15 14:11:23.148213
0.03,0.001,,,Zeta Markets,2023-10-15 14:11:23.148213
0.002,0.004,,,Zeta Markets,2023-10-15 14:11:23.148213
21.6876,1581.62,21.6877,9.449,Zeta Markets,2023-10-15 15:12:22.806829
21.686,23.06,21.6909,236.231,Zeta Markets,2023-10-15 15:12:22.806829
21.677,115.3,21.6942,1417.385,Zeta Markets,2023-10-15 15:12:22.806829
21.6716,2695.941,21.7115,2834.77,Zeta Markets,2023-10-15 15:12:22.806829
21.663,3894.11,21.7202,5987.647,Zeta Markets,2023-10-15 15:12:22.806829
21.656,1153.02,21.721,23.06,Zeta Markets,2023-10-15 15:12:22.806829
21.65,100.0,21.729,115.3,Zeta Markets,2023-10-15 15:12:22.806829
21.625,1844.83,21.751,1153.02,Zeta Markets,2023-10-15 15:12:22.806829
21.604,2767.25,21.782,1844.83,Zeta Markets,2023-10-15 15:12:22.806829
21.031,13.83,21.803,2767.25,Zeta Markets,2023-10-15 15:12:22.806829
20.88,100.0,22.17,100.0,Zeta Markets,2023-10-15 15:12:22.806829
20.821,18.44,22.332,13.83,Zeta Markets,2023-10-15 15:12:22.806829
20.8,100.0,22.555,18.44,Zeta Markets,2023-10-15 15:12:22.806829
20.75,100.0,22.667,23.06,Zeta Markets,2023-10-15 15:12:22.806829
20.716,23.06,22.779,27.67,Zeta Markets,2023-10-15 15:12:22.806829
20.65,100.0,22.89,32.28,Zeta Markets,2023-10-15 15:12:22.806829
20.611,27.67,22.95,200.0,Zeta Markets,2023-10-15 15:12:22.806829
20.6,100.0,23.0,10.0,Zeta Markets,2023-10-15 15:12:22.806829
20.505,32.28,23.5,100.0,Zeta Markets,2023-10-15 15:12:22.806829
20.11,100.0,23.55,100.0,Zeta Markets,2023-10-15 15:12:22.806829
20.06,100.0,23.9,100.0,Zeta Markets,2023-10-15 15:12:22.806829
20.01,100.0,25.0,0.001,Zeta Markets,2023-10-15 15:12:22.806829
19.95,100.0,29.0,0.001,Zeta Markets,2023-10-15 15:12:22.806829
16.45,48.936,30.0,0.1,Zeta Markets,2023-10-15 15:12:22.806829
15.0,1.0,40.001,1.362,Zeta Markets,2023-10-15 15:12:22.806829
14.0,0.4,,,Zeta Markets,2023-10-15 15:12:22.806829
12.23,0.183,,,Zeta Markets,2023-10-15 15:12:22.806829
12.0,0.1,,,Zeta Markets,2023-10-15 15:12:22.806829
10.0,0.001,,,Zeta Markets,2023-10-15 15:12:22.806829
3.0,0.01,,,Zeta Markets,2023-10-15 15:12:22.806829
1.9,0.001,,,Zeta Markets,2023-10-15 15:12:22.806829
1.0,0.01,,,Zeta Markets,2023-10-15 15:12:22.806829
0.03,0.001,,,Zeta Markets,2023-10-15 15:12:22.806829
0.002,0.004,,,Zeta Markets,2023-10-15 15:12:22.806829
21.7251,1598.796,21.7252,25.841,Zeta Markets,2023-10-15 16:16:01.286897
21.7128,2697.217,21.7285,235.3,Zeta Markets,2023-10-15 16:16:01.286897
21.7041,3995.852,21.7317,1411.797,Zeta Markets,2023-10-15 16:16:01.286897
21.695,100.0,21.7491,2823.593,Zeta Markets,2023-10-15 16:16:01.286897
21.68,100.0,21.7578,5901.616,Zeta Markets,2023-10-15 16:16:01.286897
21.65,100.0,22.046,13.81,Zeta Markets,2023-10-15 16:16:01.286897
21.394,13.81,22.156,18.41,Zeta Markets,2023-10-15 16:16:01.286897
21.287,18.41,22.17,100.0,Zeta Markets,2023-10-15 16:16:01.286897
21.234,23.01,22.211,23.01,Zeta Markets,2023-10-15 16:16:01.286897
21.18,27.62,22.267,27.62,Zeta Markets,2023-10-15 16:16:01.286897
21.127,32.22,22.322,32.22,Zeta Markets,2023-10-15 16:16:01.286897
20.88,100.0,22.95,200.0,Zeta Markets,2023-10-15 16:16:01.286897
20.8,100.0,23.0,10.0,Zeta Markets,2023-10-15 16:16:01.286897
20.75,100.0,23.5,100.0,Zeta Markets,2023-10-15 16:16:01.286897
20.65,100.0,23.55,100.0,Zeta Markets,2023-10-15 16:16:01.286897
20.6,100.0,23.9,100.0,Zeta Markets,2023-10-15 16:16:01.286897
20.11,100.0,25.0,0.001,Zeta Markets,2023-10-15 16:16:01.286897
20.06,100.0,29.0,0.001,Zeta Markets,2023-10-15 16:16:01.286897
20.01,100.0,30.0,0.1,Zeta Markets,2023-10-15 16:16:01.286897
19.95,100.0,40.001,1.362,Zeta Markets,2023-10-15 16:16:01.286897
16.45,48.936,,,Zeta Markets,2023-10-15 16:16:01.286897
15.0,1.0,,,Zeta Markets,2023-10-15 16:16:01.286897
14.0,0.4,,,Zeta Markets,2023-10-15 16:16:01.286897
12.23,0.183,,,Zeta Markets,2023-10-15 16:16:01.286897
12.0,0.1,,,Zeta Markets,2023-10-15 16:16:01.286897
10.0,0.001,,,Zeta Markets,2023-10-15 16:16:01.286897
3.0,0.01,,,Zeta Markets,2023-10-15 16:16:01.286897
1.9,0.001,,,Zeta Markets,2023-10-15 16:16:01.286897
1.0,0.01,,,Zeta Markets,2023-10-15 16:16:01.286897
0.03,0.001,,,Zeta Markets,2023-10-15 16:16:01.286897
0.002,0.004,,,Zeta Markets,2023-10-15 16:16:01.286897
21.7999,370.68,21.8,9.38,Zeta Markets,2023-10-15 17:11:57.222783
21.7976,1344.633,21.8003,234.493,Zeta Markets,2023-10-15 17:11:57.222783
21.795,1146.88,21.8036,1406.96,Zeta Markets,2023-10-15 17:11:57.222783
21.7802,2689.266,21.81,100.0,Zeta Markets,2023-10-15 17:11:57.222783
21.78,1835.02,21.821,2813.92,Zeta Markets,2023-10-15 17:11:57.222783
21.7715,4022.825,21.828,22.93,Zeta Markets,2023-10-15 17:11:57.222783
21.769,2752.53,21.8297,5902.605,Zeta Markets,2023-10-15 17:11:57.222783
21.695,100.0,21.833,114.68,Zeta Markets,2023-10-15 17:11:57.222783
21.68,100.0,21.843,1146.88,Zeta Markets,2023-10-15 17:11:57.222783
21.65,100.0,21.859,1835.02,Zeta Markets,2023-10-15 17:11:57.222783
21.471,13.76,21.87,2752.53,Zeta Markets,2023-10-15 17:11:57.222783
21.363,18.35,22.125,13.76,Zeta Markets,2023-10-15 17:11:57.222783
21.31,22.93,22.17,100.0,Zeta Markets,2023-10-15 17:11:57.222783
21.256,27.52,22.235,18.35,Zeta Markets,2023-10-15 17:11:57.222783
21.202,32.11,22.291,22.93,Zeta Markets,2023-10-15 17:11:57.222783
20.88,100.0,22.346,27.52,Zeta Markets,2023-10-15 17:11:57.222783
20.8,100.0,22.401,32.11,Zeta Markets,2023-10-15 17:11:57.222783
20.75,100.0,22.95,200.0,Zeta Markets,2023-10-15 17:11:57.222783
20.65,100.0,23.0,10.0,Zeta Markets,2023-10-15 17:11:57.222783
20.6,100.0,23.5,100.0,Zeta Markets,2023-10-15 17:11:57.222783
20.11,100.0,23.55,100.0,Zeta Markets,2023-10-15 17:11:57.222783
20.06,100.0,23.9,100.0,Zeta Markets,2023-10-15 17:11:57.222783
20.01,100.0,25.0,0.001,Zeta Markets,2023-10-15 17:11:57.222783
19.95,100.0,29.0,0.001,Zeta Markets,2023-10-15 17:11:57.222783
16.45,48.936,30.0,0.1,Zeta Markets,2023-10-15 17:11:57.222783
15.0,1.0,40.001,1.362,Zeta Markets,2023-10-15 17:11:57.222783
14.0,0.4,,,Zeta Markets,2023-10-15 17:11:57.222783
12.23,0.183,,,Zeta Markets,2023-10-15 17:11:57.222783
12.0,0.1,,,Zeta Markets,2023-10-15 17:11:57.222783
10.0,0.001,,,Zeta Markets,2023-10-15 17:11:57.222783
3.0,0.01,,,Zeta Markets,2023-10-15 17:11:57.222783
1.9,0.001,,,Zeta Markets,2023-10-15 17:11:57.222783
1.0,0.01,,,Zeta Markets,2023-10-15 17:11:57.222783
0.03,0.001,,,Zeta Markets,2023-10-15 17:11:57.222783
0.002,0.004,,,Zeta Markets,2023-10-15 17:11:57.222783
21.8745,1592.917,21.8746,20.039,Zeta Markets,2023-10-15 18:16:39.941532
21.8617,2681.041,21.8747,9.341,Zeta Markets,2023-10-15 18:16:39.941532
21.853,4065.476,21.878,233.512,Zeta Markets,2023-10-15 18:16:39.941532
21.695,100.0,21.8813,1401.072,Zeta Markets,2023-10-15 18:16:39.941532
21.68,100.0,21.8988,2802.143,Zeta Markets,2023-10-15 18:16:39.941532
21.65,100.0,21.9076,5891.691,Zeta Markets,2023-10-15 18:16:39.941532
21.541,13.71,22.17,100.0,Zeta Markets,2023-10-15 18:16:39.941532
21.433,18.29,22.197,13.71,Zeta Markets,2023-10-15 18:16:39.941532
21.379,22.86,22.308,18.29,Zeta Markets,2023-10-15 18:16:39.941532
21.325,27.43,22.363,22.86,Zeta Markets,2023-10-15 18:16:39.941532
21.271,32.0,22.419,27.43,Zeta Markets,2023-10-15 18:16:39.941532
20.88,100.0,22.474,32.0,Zeta Markets,2023-10-15 18:16:39.941532
20.8,100.0,22.95,200.0,Zeta Markets,2023-10-15 18:16:39.941532
20.75,100.0,23.0,10.0,Zeta Markets,2023-10-15 18:16:39.941532
20.65,100.0,23.5,100.0,Zeta Markets,2023-10-15 18:16:39.941532
20.6,100.0,23.55,100.0,Zeta Markets,2023-10-15 18:16:39.941532
20.11,100.0,23.9,100.0,Zeta Markets,2023-10-15 18:16:39.941532
20.06,100.0,25.0,0.001,Zeta Markets,2023-10-15 18:16:39.941532
20.01,100.0,29.0,0.001,Zeta Markets,2023-10-15 18:16:39.941532
19.95,100.0,30.0,0.1,Zeta Markets,2023-10-15 18:16:39.941532
16.45,48.936,40.001,1.362,Zeta Markets,2023-10-15 18:16:39.941532
15.0,1.0,,,Zeta Markets,2023-10-15 18:16:39.941532
14.0,0.4,,,Zeta Markets,2023-10-15 18:16:39.941532
12.23,0.183,,,Zeta Markets,2023-10-15 18:16:39.941532
12.0,0.1,,,Zeta Markets,2023-10-15 18:16:39.941532
10.0,0.001,,,Zeta Markets,2023-10-15 18:16:39.941532
3.0,0.01,,,Zeta Markets,2023-10-15 18:16:39.941532
1.9,0.001,,,Zeta Markets,2023-10-15 18:16:39.941532
1.0,0.01,,,Zeta Markets,2023-10-15 18:16:39.941532
0.03,0.001,,,Zeta Markets,2023-10-15 18:16:39.941532
0.002,0.004,,,Zeta Markets,2023-10-15 18:16:39.941532
21.9577,1703.745,21.9578,242.001,Zeta Markets,2023-10-15 19:10:17.869168
21.953,1138.67,21.9593,1396.16,Zeta Markets,2023-10-15 19:10:17.869168
21.941,2671.218,21.9768,2792.32,Zeta Markets,2023-10-15 19:10:17.869168
21.937,1821.87,21.9856,5907.277,Zeta Markets,2023-10-15 19:10:17.869168
21.9322,4081.062,21.986,22.77,Zeta Markets,2023-10-15 19:10:17.869168
21.926,2732.81,21.99,113.86,Zeta Markets,2023-10-15 19:10:17.869168
21.695,100.0,22.001,1138.67,Zeta Markets,2023-10-15 19:10:17.869168
21.68,100.0,22.016,1821.87,Zeta Markets,2023-10-15 19:10:17.869168
21.65,100.0,22.027,2732.81,Zeta Markets,2023-10-15 19:10:17.869168
21.626,13.66,22.17,100.0,Zeta Markets,2023-10-15 19:10:17.869168
21.517,18.21,22.284,13.66,Zeta Markets,2023-10-15 19:10:17.869168
21.463,22.77,22.396,18.21,Zeta Markets,2023-10-15 19:10:17.869168
21.409,27.32,22.451,22.77,Zeta Markets,2023-10-15 19:10:17.869168
21.355,31.88,22.507,27.32,Zeta Markets,2023-10-15 19:10:17.869168
20.88,100.0,22.563,31.88,Zeta Markets,2023-10-15 19:10:17.869168
20.8,100.0,22.95,200.0,Zeta Markets,2023-10-15 19:10:17.869168
20.75,100.0,23.0,10.0,Zeta Markets,2023-10-15 19:10:17.869168
20.65,100.0,23.5,100.0,Zeta Markets,2023-10-15 19:10:17.869168
20.6,100.0,23.55,100.0,Zeta Markets,2023-10-15 19:10:17.869168
20.11,100.0,23.9,100.0,Zeta Markets,2023-10-15 19:10:17.869168
20.06,100.0,25.0,0.001,Zeta Markets,2023-10-15 19:10:17.869168
20.01,100.0,29.0,0.001,Zeta Markets,2023-10-15 19:10:17.869168
19.95,100.0,30.0,0.1,Zeta Markets,2023-10-15 19:10:17.869168
16.45,48.936,40.001,1.362,Zeta Markets,2023-10-15 19:10:17.869168
15.0,1.0,,,Zeta Markets,2023-10-15 19:10:17.869168
14.0,0.4,,,Zeta Markets,2023-10-15 19:10:17.869168
12.23,0.183,,,Zeta Markets,2023-10-15 19:10:17.869168
12.0,0.1,,,Zeta Markets,2023-10-15 19:10:17.869168
10.0,0.001,,,Zeta Markets,2023-10-15 19:10:17.869168
3.0,0.01,,,Zeta Markets,2023-10-15 19:10:17.869168
1.9,0.001,,,Zeta Markets,2023-10-15 19:10:17.869168
1.0,0.01,,,Zeta Markets,2023-10-15 19:10:17.869168
0.03,0.001,,,Zeta Markets,2023-10-15 19:10:17.869168
0.002,0.004,,,Zeta Markets,2023-10-15 19:10:17.869168
21.8463,1712.886,21.8464,9.35,Zeta Markets,2023-10-15 20:13:26.421974
21.842,1144.43,21.8481,233.75,Zeta Markets,2023-10-15 20:13:26.421974
21.8325,2685.624,21.8513,1402.501,Zeta Markets,2023-10-15 20:13:26.421974
21.827,1831.1,21.8688,2805.002,Zeta Markets,2023-10-15 20:13:26.421974
21.8238,4072.572,21.875,22.88,Zeta Markets,2023-10-15 20:13:26.421974
21.816,2746.65,21.8776,5872.788,Zeta Markets,2023-10-15 20:13:26.421974
21.695,100.0,21.879,114.44,Zeta Markets,2023-10-15 20:13:26.421974
21.68,100.0,21.89,1144.43,Zeta Markets,2023-10-15 20:13:26.421974
21.65,100.0,21.906,1831.1,Zeta Markets,2023-10-15 20:13:26.421974
21.517,13.73,21.916,2746.65,Zeta Markets,2023-10-15 20:13:26.421974
21.409,18.31,22.17,100.0,Zeta Markets,2023-10-15 20:13:26.421974
21.355,22.88,22.172,13.73,Zeta Markets,2023-10-15 20:13:26.421974
21.301,27.46,22.283,18.31,Zeta Markets,2023-10-15 20:13:26.421974
21.248,32.04,22.338,22.88,Zeta Markets,2023-10-15 20:13:26.421974
20.88,100.0,22.394,27.46,Zeta Markets,2023-10-15 20:13:26.421974
20.8,100.0,22.449,32.04,Zeta Markets,2023-10-15 20:13:26.421974
20.75,100.0,22.95,200.0,Zeta Markets,2023-10-15 20:13:26.421974
20.65,100.0,23.0,10.0,Zeta Markets,2023-10-15 20:13:26.421974
20.6,100.0,23.5,100.0,Zeta Markets,2023-10-15 20:13:26.421974
20.11,100.0,23.55,100.0,Zeta Markets,2023-10-15 20:13:26.421974
20.06,100.0,23.9,100.0,Zeta Markets,2023-10-15 20:13:26.421974
20.01,100.0,25.0,0.001,Zeta Markets,2023-10-15 20:13:26.421974
19.95,100.0,29.0,0.001,Zeta Markets,2023-10-15 20:13:26.421974
16.45,48.936,30.0,0.1,Zeta Markets,2023-10-15 20:13:26.421974
15.0,1.0,40.001,1.362,Zeta Markets,2023-10-15 20:13:26.421974
14.0,0.4,,,Zeta Markets,2023-10-15 20:13:26.421974
12.23,0.183,,,Zeta Markets,2023-10-15 20:13:26.421974
12.0,0.1,,,Zeta Markets,2023-10-15 20:13:26.421974
10.0,0.001,,,Zeta Markets,2023-10-15 20:13:26.421974
3.0,0.01,,,Zeta Markets,2023-10-15 20:13:26.421974
1.9,0.001,,,Zeta Markets,2023-10-15 20:13:26.421974
1.0,0.01,,,Zeta Markets,2023-10-15 20:13:26.421974
0.03,0.001,,,Zeta Markets,2023-10-15 20:13:26.421974
0.002,0.004,,,Zeta Markets,2023-10-15 20:13:26.421974
21.9675,231.46,21.9676,9.3,Zeta Markets,2023-10-15 21:11:18.689348
21.9666,1335.347,21.9709,232.501,Zeta Markets,2023-10-15 21:11:18.689348
21.949,2670.695,21.9742,1395.007,Zeta Markets,2023-10-15 21:11:18.689348
21.9402,4096.743,21.9917,2790.015,Zeta Markets,2023-10-15 21:11:18.689348
21.695,100.0,22.0005,5896.084,Zeta Markets,2023-10-15 21:11:18.689348
21.68,100.0,22.17,100.0,Zeta Markets,2023-10-15 21:11:18.689348
21.65,100.0,22.614,13.66,Zeta Markets,2023-10-15 21:11:18.689348
21.297,13.66,22.84,18.21,Zeta Markets,2023-10-15 21:11:18.689348
21.084,18.21,22.95,200.0,Zeta Markets,2023-10-15 21:11:18.689348
20.977,22.77,22.953,22.77,Zeta Markets,2023-10-15 21:11:18.689348
20.88,100.0,23.0,10.0,Zeta Markets,2023-10-15 21:11:18.689348
20.871,27.32,23.066,27.32,Zeta Markets,2023-10-15 21:11:18.689348
20.8,100.0,23.18,31.88,Zeta Markets,2023-10-15 21:11:18.689348
20.764,31.88,23.5,100.0,Zeta Markets,2023-10-15 21:11:18.689348
20.75,100.0,23.55,100.0,Zeta Markets,2023-10-15 21:11:18.689348
20.65,100.0,23.9,100.0,Zeta Markets,2023-10-15 21:11:18.689348
20.6,100.0,25.0,0.001,Zeta Markets,2023-10-15 21:11:18.689348
20.11,100.0,29.0,0.001,Zeta Markets,2023-10-15 21:11:18.689348
20.06,100.0,30.0,0.1,Zeta Markets,2023-10-15 21:11:18.689348
20.01,100.0,40.001,1.362,Zeta Markets,2023-10-15 21:11:18.689348
19.95,100.0,,,Zeta Markets,2023-10-15 21:11:18.689348
16.45,48.936,,,Zeta Markets,2023-10-15 21:11:18.689348
15.0,1.0,,,Zeta Markets,2023-10-15 21:11:18.689348
14.0,0.4,,,Zeta Markets,2023-10-15 21:11:18.689348
12.23,0.183,,,Zeta Markets,2023-10-15 21:11:18.689348
12.0,0.1,,,Zeta Markets,2023-10-15 21:11:18.689348
10.0,0.001,,,Zeta Markets,2023-10-15 21:11:18.689348
3.0,0.01,,,Zeta Markets,2023-10-15 21:11:18.689348
1.9,0.001,,,Zeta Markets,2023-10-15 21:11:18.689348
1.0,0.01,,,Zeta Markets,2023-10-15 21:11:18.689348
0.03,0.001,,,Zeta Markets,2023-10-15 21:11:18.689348
0.002,0.004,,,Zeta Markets,2023-10-15 21:11:18.689348
