bid_price,bid_size,ask_price,ask_size,protocol_name,timestamp
1546.3671,4.891,1546.3672,0.187,Zeta Markets,2023-10-14 12:24:01.626657
1546.077,0.19,1546.5219,1.247,Zeta Markets,2023-10-14 12:24:01.626657
1546.0526,10.051,1546.8312,3.117,Zeta Markets,2023-10-14 12:24:01.626657
1545.458,3.23,1547.6046,9.351,Zeta Markets,2023-10-14 12:24:01.626657
1545.2792,26.802,1548.3781,24.935,Zeta Markets,2023-10-14 12:24:01.626657
1544.685,9.7,1568.641,0.19,Zeta Markets,2023-10-14 12:24:01.626657
1543.139,12.94,1576.484,0.25,Zeta Markets,2023-10-14 12:24:01.626657
1541.593,16.17,1580.405,0.32,Zeta Markets,2023-10-14 12:24:01.626657
1522.277,0.19,1584.327,0.38,Zeta Markets,2023-10-14 12:24:01.626657
1514.665,0.25,1588.249,0.45,Zeta Markets,2023-10-14 12:24:01.626657
1510.86,0.32,2000.0,0.001,Zeta Markets,2023-10-14 12:24:01.626657
1507.054,0.38,2150.0,0.001,Zeta Markets,2023-10-14 12:24:01.626657
1503.248,0.45,2168.0,0.001,Zeta Markets,2023-10-14 12:24:01.626657
40.0,0.001,,,Zeta Markets,2023-10-14 12:24:01.626657
1549.9594,4.881,1549.9595,0.187,Zeta Markets,2023-10-14 13:14:23.992282
1549.853,0.19,1550.1146,1.244,Zeta Markets,2023-10-14 13:14:23.992282
1549.6473,10.028,1550.4246,3.109,Zeta Markets,2023-10-14 13:14:23.992282
1549.233,3.22,1551.1999,9.328,Zeta Markets,2023-10-14 13:14:23.992282
1548.8721,26.742,1551.9751,24.875,Zeta Markets,2023-10-14 13:14:23.992282
1548.458,9.68,1572.472,0.19,Zeta Markets,2023-10-14 13:14:23.992282
1546.908,12.9,1580.334,0.25,Zeta Markets,2023-10-14 13:14:23.992282
1545.358,16.13,1584.265,0.32,Zeta Markets,2023-10-14 13:14:23.992282
1525.995,0.19,1588.197,0.38,Zeta Markets,2023-10-14 13:14:23.992282
1518.365,0.25,1592.128,0.45,Zeta Markets,2023-10-14 13:14:23.992282
1514.55,0.32,2000.0,0.001,Zeta Markets,2023-10-14 13:14:23.992282
1510.735,0.38,2150.0,0.001,Zeta Markets,2023-10-14 13:14:23.992282
1506.92,0.45,2168.0,0.001,Zeta Markets,2023-10-14 13:14:23.992282
40.0,0.001,,,Zeta Markets,2023-10-14 13:14:23.992282
1551.7002,4.875,1551.7003,0.186,Zeta Markets,2023-10-14 14:11:04.481722
1551.3522,10.018,1551.8555,1.242,Zeta Markets,2023-10-14 14:11:04.481722
1551.338,0.19,1552.1659,3.106,Zeta Markets,2023-10-14 14:11:04.481722
1550.718,3.22,1552.942,9.318,Zeta Markets,2023-10-14 14:11:04.481722
1550.5762,26.714,1553.7181,24.847,Zeta Markets,2023-10-14 14:11:04.481722
1549.942,9.67,1573.979,0.19,Zeta Markets,2023-10-14 14:11:04.481722
1548.39,12.89,1581.849,0.25,Zeta Markets,2023-10-14 14:11:04.481722
1546.839,16.12,1585.784,0.32,Zeta Markets,2023-10-14 14:11:04.481722
1527.457,0.19,1589.719,0.38,Zeta Markets,2023-10-14 14:11:04.481722
1519.82,0.25,1593.653,0.45,Zeta Markets,2023-10-14 14:11:04.481722
1516.001,0.32,2000.0,0.001,Zeta Markets,2023-10-14 14:11:04.481722
1512.183,0.38,2150.0,0.001,Zeta Markets,2023-10-14 14:11:04.481722
1508.364,0.45,2168.0,0.001,Zeta Markets,2023-10-14 14:11:04.481722
40.0,0.001,,,Zeta Markets,2023-10-14 14:11:04.481722
1550.9971,4.877,1550.9972,0.186,Zeta Markets,2023-10-14 15:12:19.361045
1550.826,0.19,1551.1523,1.243,Zeta Markets,2023-10-14 15:12:19.361045
1550.6536,10.022,1551.4626,3.107,Zeta Markets,2023-10-14 15:12:19.361045
1550.205,3.22,1552.2383,9.322,Zeta Markets,2023-10-14 15:12:19.361045
1549.8778,26.725,1553.014,24.858,Zeta Markets,2023-10-14 15:12:19.361045
1549.43,9.67,1573.459,0.19,Zeta Markets,2023-10-14 15:12:19.361045
1547.879,12.9,1581.326,0.25,Zeta Markets,2023-10-14 15:12:19.361045
1546.328,16.12,1585.26,0.32,Zeta Markets,2023-10-14 15:12:19.361045
1526.953,0.19,1589.193,0.38,Zeta Markets,2023-10-14 15:12:19.361045
1519.318,0.25,1593.127,0.45,Zeta Markets,2023-10-14 15:12:19.361045
1515.5,0.32,2000.0,0.001,Zeta Markets,2023-10-14 15:12:19.361045
1511.683,0.38,2150.0,0.001,Zeta Markets,2023-10-14 15:12:19.361045
1507.866,0.45,2168.0,0.001,Zeta Markets,2023-10-14 15:12:19.361045
40.0,0.001,,,Zeta Markets,2023-10-14 15:12:19.361045
1557.1972,4.859,1557.1973,0.186,Zeta Markets,2023-10-14 16:15:49.643758
1557.107,0.19,1557.3531,1.238,Zeta Markets,2023-10-14 16:15:49.643758
1556.8596,9.983,1557.6646,3.094,Zeta Markets,2023-10-14 16:15:49.643758
1556.484,3.21,1558.4434,9.283,Zeta Markets,2023-10-14 16:15:49.643758
1556.0808,26.623,1559.2222,24.756,Zeta Markets,2023-10-14 16:15:49.643758
1555.705,9.63,1579.832,0.19,Zeta Markets,2023-10-14 16:15:49.643758
1554.148,12.84,1587.731,0.25,Zeta Markets,2023-10-14 16:15:49.643758
1552.591,16.06,1591.68,0.32,Zeta Markets,2023-10-14 16:15:49.643758
1533.137,0.19,1595.63,0.38,Zeta Markets,2023-10-14 16:15:49.643758
1525.471,0.25,1599.579,0.44,Zeta Markets,2023-10-14 16:15:49.643758
1521.638,0.32,2000.0,0.001,Zeta Markets,2023-10-14 16:15:49.643758
1517.806,0.38,2150.0,0.001,Zeta Markets,2023-10-14 16:15:49.643758
1513.973,0.44,2168.0,0.001,Zeta Markets,2023-10-14 16:15:49.643758
40.0,0.001,,,Zeta Markets,2023-10-14 16:15:49.643758
1555.6976,4.863,1555.6977,0.186,Zeta Markets,2023-10-14 17:10:52.441768
1555.574,0.19,1555.8533,1.239,Zeta Markets,2023-10-14 17:10:52.441768
1555.3849,9.993,1556.1646,3.098,Zeta Markets,2023-10-14 17:10:52.441768
1554.951,3.21,1556.9426,9.293,Zeta Markets,2023-10-14 17:10:52.441768
1554.6068,26.647,1557.7207,24.78,Zeta Markets,2023-10-14 17:10:52.441768
1554.174,9.64,1578.276,0.19,Zeta Markets,2023-10-14 17:10:52.441768
1552.618,12.86,1586.168,0.25,Zeta Markets,2023-10-14 17:10:52.441768
1551.062,16.07,1590.113,0.32,Zeta Markets,2023-10-14 17:10:52.441768
1531.628,0.19,1594.059,0.38,Zeta Markets,2023-10-14 17:10:52.441768
1523.969,0.25,1598.005,0.45,Zeta Markets,2023-10-14 17:10:52.441768
1520.14,0.32,2000.0,0.001,Zeta Markets,2023-10-14 17:10:52.441768
1516.311,0.38,2150.0,0.001,Zeta Markets,2023-10-14 17:10:52.441768
1512.482,0.45,2168.0,0.001,Zeta Markets,2023-10-14 17:10:52.441768
40.0,0.001,,,Zeta Markets,2023-10-14 17:10:52.441768
1554.0573,4.87,1554.0574,0.186,Zeta Markets,2023-10-14 18:16:22.439188
1553.743,10.007,1554.2129,1.24,Zeta Markets,2023-10-14 18:16:22.439188
1553.52,0.19,1554.5238,3.1,Zeta Markets,2023-10-14 18:16:22.439188
1552.9658,26.685,1555.301,9.299,Zeta Markets,2023-10-14 18:16:22.439188
1552.899,3.21,1556.0783,24.796,Zeta Markets,2023-10-14 18:16:22.439188
1552.122,9.65,1576.193,0.19,Zeta Markets,2023-10-14 18:16:22.439188
1550.568,12.87,1584.074,0.25,Zeta Markets,2023-10-14 18:16:22.439188
1549.015,16.09,1588.014,0.32,Zeta Markets,2023-10-14 18:16:22.439188
1529.606,0.19,1591.955,0.38,Zeta Markets,2023-10-14 18:16:22.439188
1521.958,0.25,1595.895,0.45,Zeta Markets,2023-10-14 18:16:22.439188
1518.134,0.32,2000.0,0.001,Zeta Markets,2023-10-14 18:16:22.439188
1514.31,0.38,2150.0,0.001,Zeta Markets,2023-10-14 18:16:22.439188
1510.486,0.45,2168.0,0.001,Zeta Markets,2023-10-14 18:16:22.439188
40.0,0.001,,,Zeta Markets,2023-10-14 18:16:22.439188
1554.8564,4.868,1554.8565,0.186,Zeta Markets,2023-10-14 19:10:11.681457
1554.504,0.19,1555.012,1.239,Zeta Markets,2023-10-14 19:10:11.681457
1554.4893,10.002,1555.3231,3.098,Zeta Markets,2023-10-14 19:10:11.681457
1553.883,3.21,1556.1007,9.294,Zeta Markets,2023-10-14 19:10:11.681457
1553.7116,26.673,1556.8784,24.784,Zeta Markets,2023-10-14 19:10:11.681457
1553.105,9.65,1577.191,0.19,Zeta Markets,2023-10-14 19:10:11.681457
1551.551,12.87,1585.077,0.25,Zeta Markets,2023-10-14 19:10:11.681457
1549.996,16.08,1589.02,0.32,Zeta Markets,2023-10-14 19:10:11.681457
1530.575,0.19,1592.963,0.38,Zeta Markets,2023-10-14 19:10:11.681457
1522.922,0.25,1596.906,0.45,Zeta Markets,2023-10-14 19:10:11.681457
1519.095,0.32,2000.0,0.001,Zeta Markets,2023-10-14 19:10:11.681457
1515.269,0.38,2150.0,0.001,Zeta Markets,2023-10-14 19:10:11.681457
1511.443,0.45,2168.0,0.001,Zeta Markets,2023-10-14 19:10:11.681457
40.0,0.001,,,Zeta Markets,2023-10-14 19:10:11.681457
1555.7689,4.865,1555.769,0.186,Zeta Markets,2023-10-14 20:12:58.024305
1555.4124,9.997,1555.9246,1.238,Zeta Markets,2023-10-14 20:12:58.024305
1555.164,0.19,1556.2358,3.096,Zeta Markets,2023-10-14 20:12:58.024305
1554.6343,26.657,1557.0139,9.288,Zeta Markets,2023-10-14 20:12:58.024305
1554.542,3.21,1557.792,24.768,Zeta Markets,2023-10-14 20:12:58.024305
1553.764,9.64,1577.86,0.19,Zeta Markets,2023-10-14 20:12:58.024305
1552.209,12.86,1585.75,0.25,Zeta Markets,2023-10-14 20:12:58.024305
1550.654,16.08,1589.694,0.32,Zeta Markets,2023-10-14 20:12:58.024305
1531.224,0.19,1593.639,0.38,Zeta Markets,2023-10-14 20:12:58.024305
1523.568,0.25,1597.584,0.45,Zeta Markets,2023-10-14 20:12:58.024305
1519.74,0.32,2000.0,0.001,Zeta Markets,2023-10-14 20:12:58.024305
1515.912,0.38,2150.0,0.001,Zeta Markets,2023-10-14 20:12:58.024305
1512.084,0.45,2168.0,0.001,Zeta Markets,2023-10-14 20:12:58.024305
40.0,0.001,,,Zeta Markets,2023-10-14 20:12:58.024305
1558.9051,4.856,1558.9052,0.185,Zeta Markets,2023-10-14 21:10:56.726306
1558.446,9.977,1559.0612,1.236,Zeta Markets,2023-10-14 21:10:56.726306
1557.993,0.19,1559.373,3.09,Zeta Markets,2023-10-14 21:10:56.726306
1557.6663,26.607,1560.1527,9.269,Zeta Markets,2023-10-14 21:10:56.726306
1556.747,3.2,1560.9323,24.717,Zeta Markets,2023-10-14 21:10:56.726306
1555.188,9.62,1604.739,0.19,Zeta Markets,2023-10-14 21:10:56.726306
1552.072,12.83,1620.787,0.25,Zeta Markets,2023-10-14 21:10:56.726306
1548.955,16.04,1628.811,0.32,Zeta Markets,2023-10-14 21:10:56.726306
1511.259,0.19,1636.834,0.38,Zeta Markets,2023-10-14 21:10:56.726306
1496.147,0.25,1644.858,0.44,Zeta Markets,2023-10-14 21:10:56.726306
1488.591,0.32,2000.0,0.001,Zeta Markets,2023-10-14 21:10:56.726306
1481.034,0.38,2150.0,0.001,Zeta Markets,2023-10-14 21:10:56.726306
1473.478,0.44,2168.0,0.001,Zeta Markets,2023-10-14 21:10:56.726306
40.0,0.001,,,Zeta Markets,2023-10-14 21:10:56.726306
0.0001,0.003,,,Zeta Markets,2023-10-14 21:10:56.726306
1555.8179,4.865,1555.818,0.186,Zeta Markets,2023-10-14 22:11:41.641608
1555.501,0.19,1555.9737,1.238,Zeta Markets,2023-10-14 22:11:41.641608
1555.4782,9.996,1556.2849,3.096,Zeta Markets,2023-10-14 22:11:41.641608
1554.879,3.21,1557.063,9.288,Zeta Markets,2023-10-14 22:11:41.641608
1554.7001,26.656,1557.8412,24.767,Zeta Markets,2023-10-14 22:11:41.641608
1554.101,9.64,1578.202,0.19,Zeta Markets,2023-10-14 22:11:41.641608
1552.545,12.86,1586.093,0.25,Zeta Markets,2023-10-14 22:11:41.641608
1550.99,16.07,1590.039,0.32,Zeta Markets,2023-10-14 22:11:41.641608
1531.556,0.19,1593.984,0.38,Zeta Markets,2023-10-14 22:11:41.641608
1523.898,0.25,1597.93,0.45,Zeta Markets,2023-10-14 22:11:41.641608
1520.069,0.32,2000.0,0.001,Zeta Markets,2023-10-14 22:11:41.641608
1516.24,0.38,2150.0,0.001,Zeta Markets,2023-10-14 22:11:41.641608
1512.411,0.45,2168.0,0.001,Zeta Markets,2023-10-14 22:11:41.641608
40.0,0.001,,,Zeta Markets,2023-10-14 22:11:41.641608
1556.7067,4.866,1556.7068,0.186,Zeta Markets,2023-10-14 23:12:24.704486
1556.354,0.19,1556.8625,1.236,Zeta Markets,2023-10-14 23:12:24.704486
1556.3486,10.0,1557.1739,3.091,Zeta Markets,2023-10-14 23:12:24.704486
1555.731,3.21,1557.9525,9.273,Zeta Markets,2023-10-14 23:12:24.704486
1555.57,26.667,1558.7311,24.729,Zeta Markets,2023-10-14 23:12:24.704486
1554.953,9.64,1579.067,0.19,Zeta Markets,2023-10-14 23:12:24.704486
1553.396,12.85,1586.963,0.25,Zeta Markets,2023-10-14 23:12:24.704486
1551.84,16.06,1590.91,0.32,Zeta Markets,2023-10-14 23:12:24.704486
1532.395,0.19,1594.858,0.38,Zeta Markets,2023-10-14 23:12:24.704486
1524.733,0.25,1598.806,0.44,Zeta Markets,2023-10-14 23:12:24.704486
1520.902,0.32,2000.0,0.001,Zeta Markets,2023-10-14 23:12:24.704486
1517.071,0.38,2150.0,0.001,Zeta Markets,2023-10-14 23:12:24.704486
1513.24,0.44,2168.0,0.001,Zeta Markets,2023-10-14 23:12:24.704486
40.0,0.001,,,Zeta Markets,2023-10-14 23:12:24.704486
0.0001,0.003,,,Zeta Markets,2023-10-14 23:12:24.704486
1552.2487,4.878,1552.2488,0.186,Zeta Markets,2023-10-15 01:04:25.091373
1552.009,0.19,1552.4041,1.241,Zeta Markets,2023-10-15 01:04:25.091373
1551.8897,10.023,1552.7146,3.102,Zeta Markets,2023-10-15 01:04:25.091373
1551.388,3.22,1553.491,9.305,Zeta Markets,2023-10-15 01:04:25.091373
1551.1134,26.728,1554.2673,24.814,Zeta Markets,2023-10-15 01:04:25.091373
1550.612,9.66,1574.66,0.19,Zeta Markets,2023-10-15 01:04:25.091373
1549.06,12.89,1582.533,0.25,Zeta Markets,2023-10-15 01:04:25.091373
1547.508,16.11,1586.469,0.32,Zeta Markets,2023-10-15 01:04:25.091373
1528.118,0.19,1590.406,0.38,Zeta Markets,2023-10-15 01:04:25.091373
1520.477,0.25,1594.343,0.45,Zeta Markets,2023-10-15 01:04:25.091373
1516.657,0.32,2000.0,0.001,Zeta Markets,2023-10-15 01:04:25.091373
1512.837,0.38,2150.0,0.001,Zeta Markets,2023-10-15 01:04:25.091373
1509.016,0.45,2168.0,0.001,Zeta Markets,2023-10-15 01:04:25.091373
40.0,0.001,,,Zeta Markets,2023-10-15 01:04:25.091373
0.0001,0.003,,,Zeta Markets,2023-10-15 01:04:25.091373
1554.3909,4.873,1554.391,0.186,Zeta Markets,2023-10-15 02:22:41.890557
1554.0739,10.014,1554.5465,1.238,Zeta Markets,2023-10-15 02:22:41.890557
1553.985,0.19,1554.8575,3.096,Zeta Markets,2023-10-15 02:22:41.890557
1553.363,3.21,1555.6349,9.288,Zeta Markets,2023-10-15 02:22:41.890557
1553.2964,26.704,1556.4123,24.767,Zeta Markets,2023-10-15 02:22:41.890557
1552.586,9.65,1576.664,0.19,Zeta Markets,2023-10-15 02:22:41.890557
1551.032,12.87,1584.547,0.25,Zeta Markets,2023-10-15 02:22:41.890557
1549.478,16.09,1588.489,0.32,Zeta Markets,2023-10-15 02:22:41.890557
1530.063,0.19,1592.43,0.38,Zeta Markets,2023-10-15 02:22:41.890557
1522.413,0.25,1596.372,0.45,Zeta Markets,2023-10-15 02:22:41.890557
1518.587,0.32,2000.0,0.001,Zeta Markets,2023-10-15 02:22:41.890557
1514.762,0.38,2150.0,0.001,Zeta Markets,2023-10-15 02:22:41.890557
1510.937,0.45,2168.0,0.001,Zeta Markets,2023-10-15 02:22:41.890557
40.0,0.001,,,Zeta Markets,2023-10-15 02:22:41.890557
1555.4883,4.87,1555.4884,0.186,Zeta Markets,2023-10-15 03:13:43.377676
1555.1362,10.007,1555.644,1.238,Zeta Markets,2023-10-15 03:13:43.377676
1555.041,0.19,1555.9552,3.094,Zeta Markets,2023-10-15 03:13:43.377676
1554.418,3.21,1556.7332,9.281,Zeta Markets,2023-10-15 03:13:43.377676
1554.3582,26.686,1557.5111,24.749,Zeta Markets,2023-10-15 03:13:43.377676
1553.641,9.64,1577.735,0.19,Zeta Markets,2023-10-15 03:13:43.377676
1552.086,12.86,1585.624,0.25,Zeta Markets,2023-10-15 03:13:43.377676
1550.53,16.08,1589.568,0.32,Zeta Markets,2023-10-15 03:13:43.377676
1531.103,0.19,1593.512,0.38,Zeta Markets,2023-10-15 03:13:43.377676
1523.447,0.25,1597.457,0.45,Zeta Markets,2023-10-15 03:13:43.377676
1519.619,0.32,2000.0,0.001,Zeta Markets,2023-10-15 03:13:43.377676
1515.792,0.38,2150.0,0.001,Zeta Markets,2023-10-15 03:13:43.377676
1511.964,0.45,2168.0,0.001,Zeta Markets,2023-10-15 03:13:43.377676
40.0,0.001,,,Zeta Markets,2023-10-15 03:13:43.377676
0.0001,0.003,,,Zeta Markets,2023-10-15 03:13:43.377676
1553.7657,4.875,1553.7658,0.186,Zeta Markets,2023-10-15 04:15:24.463101
1553.4365,10.018,1553.9212,1.239,Zeta Markets,2023-10-15 04:15:24.463101
1553.243,0.19,1554.2321,3.097,Zeta Markets,2023-10-15 04:15:24.463101
1552.6594,26.715,1555.0092,9.292,Zeta Markets,2023-10-15 04:15:24.463101
1552.622,3.22,1555.7863,24.778,Zeta Markets,2023-10-15 04:15:24.463101
1551.845,9.66,1575.911,0.19,Zeta Markets,2023-10-15 04:15:24.463101
1550.292,12.88,1583.791,0.25,Zeta Markets,2023-10-15 04:15:24.463101
1548.738,16.1,1587.731,0.32,Zeta Markets,2023-10-15 04:15:24.463101
1529.333,0.19,1591.67,0.38,Zeta Markets,2023-10-15 04:15:24.463101
1521.686,0.25,1595.61,0.45,Zeta Markets,2023-10-15 04:15:24.463101
1517.863,0.32,2000.0,0.001,Zeta Markets,2023-10-15 04:15:24.463101
1514.039,0.38,2150.0,0.001,Zeta Markets,2023-10-15 04:15:24.463101
1510.216,0.45,2168.0,0.001,Zeta Markets,2023-10-15 04:15:24.463101
40.0,0.001,,,Zeta Markets,2023-10-15 04:15:24.463101
0.0001,0.003,,,Zeta Markets,2023-10-15 04:15:24.463101
1553.5683,4.876,1553.5684,0.186,Zeta Markets,2023-10-15 05:12:11.121983
1553.1997,10.019,1553.7238,1.239,Zeta Markets,2023-10-15 05:12:11.121983
1553.172,0.19,1554.0346,3.098,Zeta Markets,2023-10-15 05:12:11.121983
1552.55,3.22,1554.8116,9.293,Zeta Markets,2023-10-15 05:12:11.121983
1552.4227,26.717,1555.5886,24.782,Zeta Markets,2023-10-15 05:12:11.121983
1551.774,9.66,1575.839,0.19,Zeta Markets,2023-10-15 05:12:11.121983
1550.22,12.88,1583.718,0.25,Zeta Markets,2023-10-15 05:12:11.121983
1548.667,16.1,1587.658,0.32,Zeta Markets,2023-10-15 05:12:11.121983
1529.262,0.19,1591.597,0.38,Zeta Markets,2023-10-15 05:12:11.121983
1521.616,0.25,1595.537,0.45,Zeta Markets,2023-10-15 05:12:11.121983
1517.793,0.32,2000.0,0.001,Zeta Markets,2023-10-15 05:12:11.121983
1513.97,0.38,2150.0,0.001,Zeta Markets,2023-10-15 05:12:11.121983
1510.147,0.45,2168.0,0.001,Zeta Markets,2023-10-15 05:12:11.121983
40.0,0.001,,,Zeta Markets,2023-10-15 05:12:11.121983
1553.332,4.876,1553.3321,0.186,Zeta Markets,2023-10-15 06:17:09.944660
1553.056,0.19,1553.4875,1.239,Zeta Markets,2023-10-15 06:17:09.944660
1553.0189,10.02,1553.7983,3.098,Zeta Markets,2023-10-15 06:17:09.944660
1552.435,3.22,1554.5752,9.295,Zeta Markets,2023-10-15 06:17:09.944660
1552.242,26.721,1555.3521,24.785,Zeta Markets,2023-10-15 06:17:09.944660
1551.658,9.66,1575.722,0.19,Zeta Markets,2023-10-15 06:17:09.944660
1550.105,12.88,1583.6,0.25,Zeta Markets,2023-10-15 06:17:09.944660
1548.552,16.1,1587.54,0.32,Zeta Markets,2023-10-15 06:17:09.944660
1529.149,0.19,1591.479,0.38,Zeta Markets,2023-10-15 06:17:09.944660
1521.503,0.25,1595.418,0.45,Zeta Markets,2023-10-15 06:17:09.944660
1517.68,0.32,2000.0,0.001,Zeta Markets,2023-10-15 06:17:09.944660
1513.857,0.38,2150.0,0.001,Zeta Markets,2023-10-15 06:17:09.944660
1510.034,0.45,2168.0,0.001,Zeta Markets,2023-10-15 06:17:09.944660
40.0,0.001,,,Zeta Markets,2023-10-15 06:17:09.944660
1553.7808,4.875,1553.7809,0.186,Zeta Markets,2023-10-15 07:11:27.412333
1553.4565,10.018,1553.9364,1.239,Zeta Markets,2023-10-15 07:11:27.412333
1553.288,0.19,1554.2472,3.097,Zeta Markets,2023-10-15 07:11:27.412333
1552.6794,26.713,1555.0243,9.292,Zeta Markets,2023-10-15 07:11:27.412333
1552.667,3.22,1555.8014,24.778,Zeta Markets,2023-10-15 07:11:27.412333
1551.89,9.66,1575.957,0.19,Zeta Markets,2023-10-15 07:11:27.412333
1550.337,12.88,1583.837,0.25,Zeta Markets,2023-10-15 07:11:27.412333
1548.783,16.1,1587.777,0.32,Zeta Markets,2023-10-15 07:11:27.412333
1529.377,0.19,1591.717,0.38,Zeta Markets,2023-10-15 07:11:27.412333
1521.73,0.25,1595.657,0.45,Zeta Markets,2023-10-15 07:11:27.412333
1517.907,0.32,2000.0,0.001,Zeta Markets,2023-10-15 07:11:27.412333
1514.083,0.38,2150.0,0.001,Zeta Markets,2023-10-15 07:11:27.412333
1510.26,0.45,2168.0,0.001,Zeta Markets,2023-10-15 07:11:27.412333
40.0,0.001,,,Zeta Markets,2023-10-15 07:11:27.412333
1554.9749,4.672,1555.1305,1.238,Zeta Markets,2023-10-15 08:15:41.584466
1554.6614,10.01,1555.4416,3.095,Zeta Markets,2023-10-15 08:15:41.584466
1554.478,0.19,1556.2193,9.284,Zeta Markets,2023-10-15 08:15:41.584466
1553.8836,26.694,1556.9971,24.758,Zeta Markets,2023-10-15 08:15:41.584466
1553.857,3.21,1577.165,0.19,Zeta Markets,2023-10-15 08:15:41.584466
1553.079,9.65,1585.051,0.25,Zeta Markets,2023-10-15 08:15:41.584466
1551.525,12.87,1588.994,0.32,Zeta Markets,2023-10-15 08:15:41.584466
1549.97,16.08,1592.936,0.38,Zeta Markets,2023-10-15 08:15:41.584466
1530.549,0.19,1596.879,0.45,Zeta Markets,2023-10-15 08:15:41.584466
1522.896,0.25,2000.0,0.001,Zeta Markets,2023-10-15 08:15:41.584466
1519.07,0.32,2150.0,0.001,Zeta Markets,2023-10-15 08:15:41.584466
1515.244,0.38,2168.0,0.001,Zeta Markets,2023-10-15 08:15:41.584466
1511.417,0.45,,,Zeta Markets,2023-10-15 08:15:41.584466
40.0,0.001,,,Zeta Markets,2023-10-15 08:15:41.584466
0.0001,0.003,,,Zeta Markets,2023-10-15 08:15:41.584466
1559.6077,4.858,1559.6078,0.185,Zeta Markets,2023-10-15 09:12:08.077845
1559.283,0.19,1559.7638,1.234,Zeta Markets,2023-10-15 09:12:08.077845
1559.1866,9.982,1560.0758,3.085,Zeta Markets,2023-10-15 09:12:08.077845
1558.659,3.2,1560.8558,9.256,Zeta Markets,2023-10-15 09:12:08.077845
1558.4066,26.618,1561.6358,24.683,Zeta Markets,2023-10-15 09:12:08.077845
1557.879,9.62,1582.039,0.19,Zeta Markets,2023-10-15 09:12:08.077845
1556.32,12.83,1589.949,0.25,Zeta Markets,2023-10-15 09:12:08.077845
1554.76,16.03,1593.904,0.32,Zeta Markets,2023-10-15 09:12:08.077845
1535.279,0.19,1597.859,0.38,Zeta Markets,2023-10-15 09:12:08.077845
1527.603,0.25,1601.815,0.44,Zeta Markets,2023-10-15 09:12:08.077845
1523.765,0.32,2000.0,0.001,Zeta Markets,2023-10-15 09:12:08.077845
1519.926,0.38,2150.0,0.001,Zeta Markets,2023-10-15 09:12:08.077845
1516.088,0.44,2168.0,0.001,Zeta Markets,2023-10-15 09:12:08.077845
40.0,0.001,,,Zeta Markets,2023-10-15 09:12:08.077845
1557.1677,4.866,1557.1678,0.185,Zeta Markets,2023-10-15 10:13:24.775868
1556.8535,10.0,1557.3235,1.236,Zeta Markets,2023-10-15 10:13:24.775868
1556.752,0.19,1557.6351,3.089,Zeta Markets,2023-10-15 10:13:24.775868
1556.129,3.21,1558.4139,9.268,Zeta Markets,2023-10-15 10:13:24.775868
1556.0747,26.665,1559.1927,24.714,Zeta Markets,2023-10-15 10:13:24.775868
1555.351,9.63,1579.461,0.19,Zeta Markets,2023-10-15 10:13:24.775868
1553.794,12.85,1587.359,0.25,Zeta Markets,2023-10-15 10:13:24.775868
1552.237,16.06,1591.307,0.32,Zeta Markets,2023-10-15 10:13:24.775868
1532.778,0.19,1595.256,0.38,Zeta Markets,2023-10-15 10:13:24.775868
1525.114,0.25,1599.205,0.44,Zeta Markets,2023-10-15 10:13:24.775868
1521.282,0.32,2000.0,0.001,Zeta Markets,2023-10-15 10:13:24.775868
1517.45,0.38,2150.0,0.001,Zeta Markets,2023-10-15 10:13:24.775868
1513.618,0.44,2168.0,0.001,Zeta Markets,2023-10-15 10:13:24.775868
40.0,0.001,,,Zeta Markets,2023-10-15 10:13:24.775868
1555.9607,4.875,1555.9608,0.185,Zeta Markets,2023-10-15 11:10:21.430626
1555.6071,10.016,1556.1164,1.236,Zeta Markets,2023-10-15 11:10:21.430626
1555.598,0.19,1556.4277,3.089,Zeta Markets,2023-10-15 11:10:21.430626
1554.975,3.21,1557.2059,9.267,Zeta Markets,2023-10-15 11:10:21.430626
1554.8289,26.709,1557.9841,24.711,Zeta Markets,2023-10-15 11:10:21.430626
1554.197,9.64,1578.299,0.19,Zeta Markets,2023-10-15 11:10:21.430626
1552.642,12.86,1586.191,0.25,Zeta Markets,2023-10-15 11:10:21.430626
1551.086,16.07,1590.137,0.32,Zeta Markets,2023-10-15 11:10:21.430626
1531.65,0.19,1594.082,0.38,Zeta Markets,2023-10-15 11:10:21.430626
1523.992,0.25,1598.028,0.45,Zeta Markets,2023-10-15 11:10:21.430626
1520.163,0.32,2000.0,0.001,Zeta Markets,2023-10-15 11:10:21.430626
1516.334,0.38,2150.0,0.001,Zeta Markets,2023-10-15 11:10:21.430626
1512.504,0.45,2168.0,0.001,Zeta Markets,2023-10-15 11:10:21.430626
40.0,0.001,,,Zeta Markets,2023-10-15 11:10:21.430626
1555.2946,4.876,1555.2947,0.185,Zeta Markets,2023-10-15 12:24:36.133181
1554.994,0.19,1555.4502,1.236,Zeta Markets,2023-10-15 12:24:36.133181
1554.9411,10.02,1555.7614,3.09,Zeta Markets,2023-10-15 12:24:36.133181
1554.372,3.21,1556.5393,9.271,Zeta Markets,2023-10-15 12:24:36.133181
1554.1633,26.72,1557.3171,24.722,Zeta Markets,2023-10-15 12:24:36.133181
1553.594,9.65,1577.687,0.19,Zeta Markets,2023-10-15 12:24:36.133181
1552.039,12.86,1585.575,0.25,Zeta Markets,2023-10-15 12:24:36.133181
1550.484,16.08,1589.52,0.32,Zeta Markets,2023-10-15 12:24:36.133181
1531.056,0.19,1593.464,0.38,Zeta Markets,2023-10-15 12:24:36.133181
1523.401,0.25,1597.408,0.45,Zeta Markets,2023-10-15 12:24:36.133181
1519.573,0.32,2000.0,0.001,Zeta Markets,2023-10-15 12:24:36.133181
1515.745,0.38,2150.0,0.001,Zeta Markets,2023-10-15 12:24:36.133181
1511.918,0.45,2168.0,0.001,Zeta Markets,2023-10-15 12:24:36.133181
40.0,0.001,,,Zeta Markets,2023-10-15 12:24:36.133181
1553.7754,4.87,1553.7755,0.186,Zeta Markets,2023-10-15 13:14:25.101066
1553.517,0.19,1553.9309,1.24,Zeta Markets,2023-10-15 13:14:25.101066
1553.3834,10.008,1554.2418,3.101,Zeta Markets,2023-10-15 13:14:25.101066
1552.896,3.21,1555.0189,9.302,Zeta Markets,2023-10-15 13:14:25.101066
1552.6063,26.687,1555.796,24.805,Zeta Markets,2023-10-15 13:14:25.101066
1552.119,9.65,1576.19,0.19,Zeta Markets,2023-10-15 13:14:25.101066
1550.565,12.87,1584.071,0.25,Zeta Markets,2023-10-15 13:14:25.101066
1549.012,16.09,1588.011,0.32,Zeta Markets,2023-10-15 13:14:25.101066
1529.603,0.19,1591.952,0.38,Zeta Markets,2023-10-15 13:14:25.101066
1521.955,0.25,1595.892,0.45,Zeta Markets,2023-10-15 13:14:25.101066
1518.131,0.32,2000.0,0.001,Zeta Markets,2023-10-15 13:14:25.101066
1514.307,0.38,2150.0,0.001,Zeta Markets,2023-10-15 13:14:25.101066
1510.483,0.45,2168.0,0.001,Zeta Markets,2023-10-15 13:14:25.101066
40.0,0.001,,,Zeta Markets,2023-10-15 13:14:25.101066
1555.0434,4.872,1555.0435,0.186,Zeta Markets,2023-10-15 14:11:19.828481
1554.916,0.19,1555.199,1.238,Zeta Markets,2023-10-15 14:11:19.828481
1554.563,10.012,1555.5101,3.094,Zeta Markets,2023-10-15 14:11:19.828481
1554.294,3.21,1556.2878,9.282,Zeta Markets,2023-10-15 14:11:19.828481
1553.7853,26.699,1557.0655,24.753,Zeta Markets,2023-10-15 14:11:19.828481
1553.516,9.65,1577.608,0.19,Zeta Markets,2023-10-15 14:11:19.828481
1551.961,12.86,1585.497,0.25,Zeta Markets,2023-10-15 14:11:19.828481
1550.406,16.08,1589.441,0.32,Zeta Markets,2023-10-15 14:11:19.828481
1530.98,0.19,1593.385,0.38,Zeta Markets,2023-10-15 14:11:19.828481
1523.325,0.25,1597.329,0.45,Zeta Markets,2023-10-15 14:11:19.828481
1519.497,0.32,2000.0,0.001,Zeta Markets,2023-10-15 14:11:19.828481
1515.67,0.38,2150.0,0.001,Zeta Markets,2023-10-15 14:11:19.828481
1511.842,0.45,2168.0,0.001,Zeta Markets,2023-10-15 14:11:19.828481
40.0,0.001,,,Zeta Markets,2023-10-15 14:11:19.828481
1552.9504,4.88,1552.9505,0.186,Zeta Markets,2023-10-15 15:12:17.766367
1552.539,0.19,1553.1058,1.239,Zeta Markets,2023-10-15 15:12:17.766367
1552.4688,10.025,1553.4165,3.099,Zeta Markets,2023-10-15 15:12:17.766367
1551.918,3.22,1554.1932,9.295,Zeta Markets,2023-10-15 15:12:17.766367
1551.6921,26.734,1554.9698,24.788,Zeta Markets,2023-10-15 15:12:17.766367
1551.142,9.66,1575.197,0.19,Zeta Markets,2023-10-15 15:12:17.766367
1549.589,12.88,1583.073,0.25,Zeta Markets,2023-10-15 15:12:17.766367
1548.037,16.1,1587.011,0.32,Zeta Markets,2023-10-15 15:12:17.766367
1528.64,0.19,1590.949,0.38,Zeta Markets,2023-10-15 15:12:17.766367
1520.997,0.25,1594.887,0.45,Zeta Markets,2023-10-15 15:12:17.766367
1517.175,0.32,2000.0,0.001,Zeta Markets,2023-10-15 15:12:17.766367
1513.353,0.38,2150.0,0.001,Zeta Markets,2023-10-15 15:12:17.766367
1509.532,0.45,2168.0,0.001,Zeta Markets,2023-10-15 15:12:17.766367
40.0,0.001,,,Zeta Markets,2023-10-15 15:12:17.766367
1552.9382,4.88,1552.9383,0.186,Zeta Markets,2023-10-15 16:15:58.112489
1552.695,0.19,1553.0936,1.239,Zeta Markets,2023-10-15 16:15:58.112489
1552.589,10.025,1553.4043,3.098,Zeta Markets,2023-10-15 16:15:58.112489
1552.074,3.22,1554.181,9.295,Zeta Markets,2023-10-15 16:15:58.112489
1551.8123,26.733,1554.9577,24.787,Zeta Markets,2023-10-15 16:15:58.112489
1551.297,9.66,1575.355,0.19,Zeta Markets,2023-10-15 16:15:58.112489
1549.745,12.88,1583.232,0.25,Zeta Markets,2023-10-15 16:15:58.112489
1548.192,16.1,1587.171,0.32,Zeta Markets,2023-10-15 16:15:58.112489
1528.793,0.19,1591.109,0.38,Zeta Markets,2023-10-15 16:15:58.112489
1521.149,0.25,1595.047,0.45,Zeta Markets,2023-10-15 16:15:58.112489
1517.327,0.32,2000.0,0.001,Zeta Markets,2023-10-15 16:15:58.112489
1513.505,0.38,2150.0,0.001,Zeta Markets,2023-10-15 16:15:58.112489
1509.683,0.45,2168.0,0.001,Zeta Markets,2023-10-15 16:15:58.112489
40.0,0.001,,,Zeta Markets,2023-10-15 16:15:58.112489
1556.654,4.868,1556.6541,0.185,Zeta Markets,2023-10-15 17:11:53.485281
1556.448,0.19,1556.8098,1.236,Zeta Markets,2023-10-15 17:11:53.485281
1556.2195,10.002,1557.1212,3.091,Zeta Markets,2023-10-15 17:11:53.485281
1555.825,3.21,1557.8997,9.272,Zeta Markets,2023-10-15 17:11:53.485281
1555.441,26.672,1558.6783,24.726,Zeta Markets,2023-10-15 17:11:53.485281
1555.047,9.64,1579.163,0.19,Zeta Markets,2023-10-15 17:11:53.485281
1553.49,12.85,1587.059,0.25,Zeta Markets,2023-10-15 17:11:53.485281
1551.934,16.06,1591.007,0.32,Zeta Markets,2023-10-15 17:11:53.485281
1532.488,0.19,1594.955,0.38,Zeta Markets,2023-10-15 17:11:53.485281
1524.826,0.25,1598.903,0.44,Zeta Markets,2023-10-15 17:11:53.485281
1520.995,0.32,2000.0,0.001,Zeta Markets,2023-10-15 17:11:53.485281
1517.163,0.38,2150.0,0.001,Zeta Markets,2023-10-15 17:11:53.485281
1513.332,0.44,2168.0,0.001,Zeta Markets,2023-10-15 17:11:53.485281
40.0,0.001,,,Zeta Markets,2023-10-15 17:11:53.485281
1557.8108,4.865,1557.8109,0.185,Zeta Markets,2023-10-15 18:16:36.678267
1557.4943,9.995,1557.9667,1.235,Zeta Markets,2023-10-15 18:16:36.678267
1557.367,0.19,1558.2784,3.088,Zeta Markets,2023-10-15 18:16:36.678267
1556.744,3.21,1559.0575,9.265,Zeta Markets,2023-10-15 18:16:36.678267
1556.7152,26.652,1559.8366,24.706,Zeta Markets,2023-10-15 18:16:36.678267
1555.965,9.63,1580.096,0.19,Zeta Markets,2023-10-15 18:16:36.678267
1554.408,12.84,1587.996,0.25,Zeta Markets,2023-10-15 18:16:36.678267
1552.85,16.05,1591.947,0.32,Zeta Markets,2023-10-15 18:16:36.678267
1533.393,0.19,1595.897,0.38,Zeta Markets,2023-10-15 18:16:36.678267
1525.726,0.25,1599.847,0.44,Zeta Markets,2023-10-15 18:16:36.678267
1521.893,0.32,2000.0,0.001,Zeta Markets,2023-10-15 18:16:36.678267
1518.06,0.38,2150.0,0.001,Zeta Markets,2023-10-15 18:16:36.678267
1514.226,0.44,2168.0,0.001,Zeta Markets,2023-10-15 18:16:36.678267
40.0,0.001,,,Zeta Markets,2023-10-15 18:16:36.678267
0.0001,0.003,,,Zeta Markets,2023-10-15 18:16:36.678267
1563.5002,4.847,1563.5003,0.185,Zeta Markets,2023-10-15 19:10:12.829844
1563.174,0.19,1563.6567,1.231,Zeta Markets,2023-10-15 19:10:12.829844
1563.1046,9.96,1563.9695,3.077,Zeta Markets,2023-10-15 19:10:12.829844
1562.549,3.19,1564.7514,9.23,Zeta Markets,2023-10-15 19:10:12.829844
1562.3226,26.559,1565.5334,24.613,Zeta Markets,2023-10-15 19:10:12.829844
1561.767,9.59,1585.988,0.19,Zeta Markets,2023-10-15 19:10:12.829844
1560.204,12.79,1593.918,0.25,Zeta Markets,2023-10-15 19:10:12.829844
1558.641,15.99,1597.883,0.31,Zeta Markets,2023-10-15 19:10:12.829844
1539.111,0.19,1601.848,0.38,Zeta Markets,2023-10-15 19:10:12.829844
1531.416,0.25,1605.813,0.44,Zeta Markets,2023-10-15 19:10:12.829844
1527.568,0.31,2000.0,0.001,Zeta Markets,2023-10-15 19:10:12.829844
1523.72,0.38,2150.0,0.001,Zeta Markets,2023-10-15 19:10:12.829844
1519.872,0.44,2168.0,0.001,Zeta Markets,2023-10-15 19:10:12.829844
40.0,0.001,,,Zeta Markets,2023-10-15 19:10:12.829844
1560.1152,4.858,1560.1153,0.185,Zeta Markets,2023-10-15 20:13:20.993276
1559.7223,9.981,1560.2714,1.233,Zeta Markets,2023-10-15 20:13:20.993276
1559.538,0.19,1560.5835,3.084,Zeta Markets,2023-10-15 20:13:20.993276
1558.9421,26.615,1561.3638,9.251,Zeta Markets,2023-10-15 20:13:20.993276
1558.914,3.2,1562.144,24.669,Zeta Markets,2023-10-15 20:13:20.993276
1558.135,9.62,1582.299,0.19,Zeta Markets,2023-10-15 20:13:20.993276
1556.575,12.82,1590.21,0.25,Zeta Markets,2023-10-15 20:13:20.993276
1555.015,16.03,1594.166,0.32,Zeta Markets,2023-10-15 20:13:20.993276
1535.531,0.19,1598.122,0.38,Zeta Markets,2023-10-15 20:13:20.993276
1527.853,0.25,1602.077,0.44,Zeta Markets,2023-10-15 20:13:20.993276
1524.015,0.32,2000.0,0.001,Zeta Markets,2023-10-15 20:13:20.993276
1520.176,0.38,2150.0,0.001,Zeta Markets,2023-10-15 20:13:20.993276
1516.337,0.44,2168.0,0.001,Zeta Markets,2023-10-15 20:13:20.993276
40.0,0.001,,,Zeta Markets,2023-10-15 20:13:20.993276
1558.3645,4.863,1558.3646,0.185,Zeta Markets,2023-10-15 21:11:12.947410
1557.8074,9.992,1558.5205,1.235,Zeta Markets,2023-10-15 21:11:12.947410
1557.079,0.19,1558.8322,3.087,Zeta Markets,2023-10-15 21:11:12.947410
1557.028,26.645,1559.6116,9.262,Zeta Markets,2023-10-15 21:11:12.947410
1555.834,3.21,1560.3909,24.699,Zeta Markets,2023-10-15 21:11:12.947410
1554.276,9.63,1603.792,0.19,Zeta Markets,2023-10-15 21:11:12.947410
1551.161,12.84,1619.83,0.25,Zeta Markets,2023-10-15 21:11:12.947410
1548.047,16.05,1627.849,0.32,Zeta Markets,2023-10-15 21:11:12.947410
1510.367,0.19,1635.868,0.38,Zeta Markets,2023-10-15 21:11:12.947410
1495.263,0.25,1643.887,0.44,Zeta Markets,2023-10-15 21:11:12.947410
1487.712,0.32,2000.0,0.001,Zeta Markets,2023-10-15 21:11:12.947410
1480.16,0.38,2150.0,0.001,Zeta Markets,2023-10-15 21:11:12.947410
1472.608,0.44,2168.0,0.001,Zeta Markets,2023-10-15 21:11:12.947410
40.0,0.001,,,Zeta Markets,2023-10-15 21:11:12.947410
1565.8967,5.03,1565.8968,0.184,Zeta Markets,2023-10-15 22:12:05.870575
1565.5308,9.945,1566.0534,1.229,Zeta Markets,2023-10-15 22:12:05.870575
1565.458,3.19,1566.3667,3.072,Zeta Markets,2023-10-15 22:12:05.870575
1564.7477,26.52,1567.1499,9.215,Zeta Markets,2023-10-15 22:12:05.870575
1564.675,9.58,1567.933,24.574,Zeta Markets,2023-10-15 22:12:05.870575
1563.109,12.77,1588.94,0.19,Zeta Markets,2023-10-15 22:12:05.870575
1561.543,15.96,1596.885,0.25,Zeta Markets,2023-10-15 22:12:05.870575
1541.977,0.19,1600.857,0.31,Zeta Markets,2023-10-15 22:12:05.870575
1534.267,0.25,1604.83,0.38,Zeta Markets,2023-10-15 22:12:05.870575
1530.412,0.31,1608.802,0.44,Zeta Markets,2023-10-15 22:12:05.870575
1526.557,0.38,2000.0,0.001,Zeta Markets,2023-10-15 22:12:05.870575
1522.702,0.44,2150.0,0.001,Zeta Markets,2023-10-15 22:12:05.870575
40.0,0.001,2168.0,0.001,Zeta Markets,2023-10-15 22:12:05.870575
0.0001,0.003,,,Zeta Markets,2023-10-15 22:12:05.870575
1555.0152,4.872,1555.0153,0.186,Zeta Markets,2023-10-15 23:13:09.489870
1554.598,10.012,1555.1708,1.238,Zeta Markets,2023-10-15 23:13:09.489870
1554.028,0.19,1555.4819,3.094,Zeta Markets,2023-10-15 23:13:09.489870
1553.8203,26.699,1556.2596,9.282,Zeta Markets,2023-10-15 23:13:09.489870
1552.784,3.21,1557.0373,24.753,Zeta Markets,2023-10-15 23:13:09.489870
1551.23,9.65,1577.075,0.19,Zeta Markets,2023-10-15 23:13:09.489870
1548.121,12.86,1584.961,0.25,Zeta Markets,2023-10-15 23:13:09.489870
1545.012,16.08,1588.903,0.32,Zeta Markets,2023-10-15 23:13:09.489870
1530.462,0.19,1592.846,0.38,Zeta Markets,2023-10-15 23:13:09.489870
1522.81,0.25,1596.789,0.45,Zeta Markets,2023-10-15 23:13:09.489870
1518.984,0.32,2000.0,0.001,Zeta Markets,2023-10-15 23:13:09.489870
1515.158,0.38,2150.0,0.001,Zeta Markets,2023-10-15 23:13:09.489870
1511.332,0.45,2168.0,0.001,Zeta Markets,2023-10-15 23:13:09.489870
40.0,0.001,,,Zeta Markets,2023-10-15 23:13:09.489870
1557.0539,4.87,1557.054,0.185,Zeta Markets,2023-10-16 01:01:38.051208
1556.6778,10.007,1557.2097,1.235,Zeta Markets,2023-10-16 01:01:38.051208
1556.418,0.19,1557.5212,3.087,Zeta Markets,2023-10-16 01:01:38.051208
1555.8991,26.686,1558.3,9.262,Zeta Markets,2023-10-16 01:01:38.051208
1555.795,3.21,1559.0787,24.699,Zeta Markets,2023-10-16 01:01:38.051208
1555.017,9.64,1579.133,0.19,Zeta Markets,2023-10-16 01:01:38.051208
1553.46,12.85,1587.028,0.25,Zeta Markets,2023-10-16 01:01:38.051208
1551.904,16.06,1590.976,0.32,Zeta Markets,2023-10-16 01:01:38.051208
1532.459,0.19,1594.924,0.38,Zeta Markets,2023-10-16 01:01:38.051208
1524.796,0.25,1598.872,0.44,Zeta Markets,2023-10-16 01:01:38.051208
1520.965,0.32,2000.0,0.001,Zeta Markets,2023-10-16 01:01:38.051208
1517.134,0.38,2150.0,0.001,Zeta Markets,2023-10-16 01:01:38.051208
1513.303,0.44,2168.0,0.001,Zeta Markets,2023-10-16 01:01:38.051208
40.0,0.001,,,Zeta Markets,2023-10-16 01:01:38.051208
0.0001,0.003,,,Zeta Markets,2023-10-16 01:01:38.051208
1565.8182,4.858,1565.8183,0.184,Zeta Markets,2023-10-16 02:22:46.471148
1565.564,0.19,1565.9749,1.224,Zeta Markets,2023-10-16 02:22:46.471148
1565.4736,9.982,1566.2882,3.06,Zeta Markets,2023-10-16 02:22:46.471148
1564.938,3.19,1567.0713,9.18,Zeta Markets,2023-10-16 02:22:46.471148
1564.6905,26.618,1567.8544,24.481,Zeta Markets,2023-10-16 02:22:46.471148
1564.155,9.58,1588.412,0.19,Zeta Markets,2023-10-16 02:22:46.471148
1562.589,12.78,1596.354,0.25,Zeta Markets,2023-10-16 02:22:46.471148
1561.023,15.97,1600.325,0.31,Zeta Markets,2023-10-16 02:22:46.471148
1541.464,0.19,1604.296,0.38,Zeta Markets,2023-10-16 02:22:46.471148
1533.757,0.25,1608.267,0.44,Zeta Markets,2023-10-16 02:22:46.471148
1529.903,0.31,2000.0,0.001,Zeta Markets,2023-10-16 02:22:46.471148
1526.049,0.38,2150.0,0.001,Zeta Markets,2023-10-16 02:22:46.471148
1522.196,0.44,2168.0,0.001,Zeta Markets,2023-10-16 02:22:46.471148
40.0,0.001,,,Zeta Markets,2023-10-16 02:22:46.471148
1561.8093,4.862,1561.8094,0.184,Zeta Markets,2023-10-16 03:14:30.786823
1561.4192,9.991,1561.9656,1.229,Zeta Markets,2023-10-16 03:14:30.786823
1561.367,0.19,1562.2781,3.073,Zeta Markets,2023-10-16 03:14:30.786823
1560.742,3.2,1563.0592,9.22,Zeta Markets,2023-10-16 03:14:30.786823
1560.6381,26.642,1563.8403,24.588,Zeta Markets,2023-10-16 03:14:30.786823
1559.962,9.61,1584.154,0.19,Zeta Markets,2023-10-16 03:14:30.786823
1558.4,12.81,1592.075,0.25,Zeta Markets,2023-10-16 03:14:30.786823
1556.839,16.01,1596.035,0.32,Zeta Markets,2023-10-16 03:14:30.786823
1537.332,0.19,1599.995,0.38,Zeta Markets,2023-10-16 03:14:30.786823
1529.645,0.25,1603.956,0.44,Zeta Markets,2023-10-16 03:14:30.786823
1525.802,0.32,2000.0,0.001,Zeta Markets,2023-10-16 03:14:30.786823
1521.958,0.38,2150.0,0.001,Zeta Markets,2023-10-16 03:14:30.786823
1518.115,0.44,2168.0,0.001,Zeta Markets,2023-10-16 03:14:30.786823
40.0,0.001,,,Zeta Markets,2023-10-16 03:14:30.786823
1562.3163,4.861,1562.3164,0.184,Zeta Markets,2023-10-16 04:16:31.455898
1561.985,9.986,1562.4727,1.229,Zeta Markets,2023-10-16 04:16:31.455898
1561.794,0.19,1562.7852,3.073,Zeta Markets,2023-10-16 04:16:31.455898
1561.2036,26.629,1563.5666,9.218,Zeta Markets,2023-10-16 04:16:31.455898
1561.17,3.2,1564.348,24.582,Zeta Markets,2023-10-16 04:16:31.455898
1560.389,9.6,1584.587,0.19,Zeta Markets,2023-10-16 04:16:31.455898
1558.827,12.81,1592.51,0.25,Zeta Markets,2023-10-16 04:16:31.455898
1557.265,16.01,1596.472,0.32,Zeta Markets,2023-10-16 04:16:31.455898
1537.752,0.19,1600.433,0.38,Zeta Markets,2023-10-16 04:16:31.455898
1530.063,0.25,1604.395,0.44,Zeta Markets,2023-10-16 04:16:31.455898
1526.219,0.32,2000.0,0.001,Zeta Markets,2023-10-16 04:16:31.455898
1522.375,0.38,2150.0,0.001,Zeta Markets,2023-10-16 04:16:31.455898
1518.53,0.44,2168.0,0.001,Zeta Markets,2023-10-16 04:16:31.455898
40.0,0.001,,,Zeta Markets,2023-10-16 04:16:31.455898
1564.0332,4.862,1564.0333,0.184,Zeta Markets,2023-10-16 05:13:18.525768
1563.788,0.19,1564.1898,1.226,Zeta Markets,2023-10-16 05:13:18.525768
1563.6248,9.989,1564.5027,3.065,Zeta Markets,2023-10-16 05:13:18.525768
1563.162,3.19,1565.2849,9.196,Zeta Markets,2023-10-16 05:13:18.525768
1562.8425,26.636,1566.0671,24.521,Zeta Markets,2023-10-16 05:13:18.525768
1562.38,9.59,1586.61,0.19,Zeta Markets,2023-10-16 05:13:18.525768
1560.816,12.79,1594.543,0.25,Zeta Markets,2023-10-16 05:13:18.525768
1559.252,15.99,1598.509,0.31,Zeta Markets,2023-10-16 05:13:18.525768
1539.715,0.19,1602.476,0.38,Zeta Markets,2023-10-16 05:13:18.525768
1532.016,0.25,1606.442,0.44,Zeta Markets,2023-10-16 05:13:18.525768
1528.167,0.31,2000.0,0.001,Zeta Markets,2023-10-16 05:13:18.525768
1524.318,0.38,2150.0,0.001,Zeta Markets,2023-10-16 05:13:18.525768
1520.468,0.44,2168.0,0.001,Zeta Markets,2023-10-16 05:13:18.525768
40.0,0.001,,,Zeta Markets,2023-10-16 05:13:18.525768
