bid_price,bid_size,ask_price,ask_size,protocol_name,timestamp
1546.3671,4.891,1546.3672,0.187,Zeta Markets,2023-10-14 12:24:01.626657
1546.077,0.19,1546.5219,1.247,Zeta Markets,2023-10-14 12:24:01.626657
1546.0526,10.051,1546.8312,3.117,Zeta Markets,2023-10-14 12:24:01.626657
1545.458,3.23,1547.6046,9.351,Zeta Markets,2023-10-14 12:24:01.626657
1545.2792,26.802,1548.3781,24.935,Zeta Markets,2023-10-14 12:24:01.626657
1544.685,9.7,1568.641,0.19,Zeta Markets,2023-10-14 12:24:01.626657
1543.139,12.94,1576.484,0.25,Zeta Markets,2023-10-14 12:24:01.626657
1541.593,16.17,1580.405,0.32,Zeta Markets,2023-10-14 12:24:01.626657
1522.277,0.19,1584.327,0.38,Zeta Markets,2023-10-14 12:24:01.626657
1514.665,0.25,1588.249,0.45,Zeta Markets,2023-10-14 12:24:01.626657
1510.86,0.32,2000.0,0.001,Zeta Markets,2023-10-14 12:24:01.626657
1507.054,0.38,2150.0,0.001,Zeta Markets,2023-10-14 12:24:01.626657
1503.248,0.45,2168.0,0.001,Zeta Markets,2023-10-14 12:24:01.626657
40.0,0.001,,,Zeta Markets,2023-10-14 12:24:01.626657
1549.9594,4.881,1549.9595,0.187,Zeta Markets,2023-10-14 13:14:23.992282
1549.853,0.19,1550.1146,1.244,Zeta Markets,2023-10-14 13:14:23.992282
1549.6473,10.028,1550.4246,3.109,Zeta Markets,2023-10-14 13:14:23.992282
1549.233,3.22,1551.1999,9.328,Zeta Markets,2023-10-14 13:14:23.992282
1548.8721,26.742,1551.9751,24.875,Zeta Markets,2023-10-14 13:14:23.992282
1548.458,9.68,1572.472,0.19,Zeta Markets,2023-10-14 13:14:23.992282
1546.908,12.9,1580.334,0.25,Zeta Markets,2023-10-14 13:14:23.992282
1545.358,16.13,1584.265,0.32,Zeta Markets,2023-10-14 13:14:23.992282
1525.995,0.19,1588.197,0.38,Zeta Markets,2023-10-14 13:14:23.992282
1518.365,0.25,1592.128,0.45,Zeta Markets,2023-10-14 13:14:23.992282
1514.55,0.32,2000.0,0.001,Zeta Markets,2023-10-14 13:14:23.992282
1510.735,0.38,2150.0,0.001,Zeta Markets,2023-10-14 13:14:23.992282
1506.92,0.45,2168.0,0.001,Zeta Markets,2023-10-14 13:14:23.992282
40.0,0.001,,,Zeta Markets,2023-10-14 13:14:23.992282
1551.7002,4.875,1551.7003,0.186,Zeta Markets,2023-10-14 14:11:04.481722
1551.3522,10.018,1551.8555,1.242,Zeta Markets,2023-10-14 14:11:04.481722
1551.338,0.19,1552.1659,3.106,Zeta Markets,2023-10-14 14:11:04.481722
1550.718,3.22,1552.942,9.318,Zeta Markets,2023-10-14 14:11:04.481722
1550.5762,26.714,1553.7181,24.847,Zeta Markets,2023-10-14 14:11:04.481722
1549.942,9.67,1573.979,0.19,Zeta Markets,2023-10-14 14:11:04.481722
1548.39,12.89,1581.849,0.25,Zeta Markets,2023-10-14 14:11:04.481722
1546.839,16.12,1585.784,0.32,Zeta Markets,2023-10-14 14:11:04.481722
1527.457,0.19,1589.719,0.38,Zeta Markets,2023-10-14 14:11:04.481722
1519.82,0.25,1593.653,0.45,Zeta Markets,2023-10-14 14:11:04.481722
1516.001,0.32,2000.0,0.001,Zeta Markets,2023-10-14 14:11:04.481722
1512.183,0.38,2150.0,0.001,Zeta Markets,2023-10-14 14:11:04.481722
1508.364,0.45,2168.0,0.001,Zeta Markets,2023-10-14 14:11:04.481722
40.0,0.001,,,Zeta Markets,2023-10-14 14:11:04.481722
1550.9971,4.877,1550.9972,0.186,Zeta Markets,2023-10-14 15:12:19.361045
1550.826,0.19,1551.1523,1.243,Zeta Markets,2023-10-14 15:12:19.361045
1550.6536,10.022,1551.4626,3.107,Zeta Markets,2023-10-14 15:12:19.361045
1550.205,3.22,1552.2383,9.322,Zeta Markets,2023-10-14 15:12:19.361045
1549.8778,26.725,1553.014,24.858,Zeta Markets,2023-10-14 15:12:19.361045
1549.43,9.67,1573.459,0.19,Zeta Markets,2023-10-14 15:12:19.361045
1547.879,12.9,1581.326,0.25,Zeta Markets,2023-10-14 15:12:19.361045
1546.328,16.12,1585.26,0.32,Zeta Markets,2023-10-14 15:12:19.361045
1526.953,0.19,1589.193,0.38,Zeta Markets,2023-10-14 15:12:19.361045
1519.318,0.25,1593.127,0.45,Zeta Markets,2023-10-14 15:12:19.361045
1515.5,0.32,2000.0,0.001,Zeta Markets,2023-10-14 15:12:19.361045
1511.683,0.38,2150.0,0.001,Zeta Markets,2023-10-14 15:12:19.361045
1507.866,0.45,2168.0,0.001,Zeta Markets,2023-10-14 15:12:19.361045
40.0,0.001,,,Zeta Markets,2023-10-14 15:12:19.361045
1557.1972,4.859,1557.1973,0.186,Zeta Markets,2023-10-14 16:15:49.643758
1557.107,0.19,1557.3531,1.238,Zeta Markets,2023-10-14 16:15:49.643758
1556.8596,9.983,1557.6646,3.094,Zeta Markets,2023-10-14 16:15:49.643758
1556.484,3.21,1558.4434,9.283,Zeta Markets,2023-10-14 16:15:49.643758
1556.0808,26.623,1559.2222,24.756,Zeta Markets,2023-10-14 16:15:49.643758
1555.705,9.63,1579.832,0.19,Zeta Markets,2023-10-14 16:15:49.643758
1554.148,12.84,1587.731,0.25,Zeta Markets,2023-10-14 16:15:49.643758
1552.591,16.06,1591.68,0.32,Zeta Markets,2023-10-14 16:15:49.643758
1533.137,0.19,1595.63,0.38,Zeta Markets,2023-10-14 16:15:49.643758
1525.471,0.25,1599.579,0.44,Zeta Markets,2023-10-14 16:15:49.643758
1521.638,0.32,2000.0,0.001,Zeta Markets,2023-10-14 16:15:49.643758
1517.806,0.38,2150.0,0.001,Zeta Markets,2023-10-14 16:15:49.643758
1513.973,0.44,2168.0,0.001,Zeta Markets,2023-10-14 16:15:49.643758
40.0,0.001,,,Zeta Markets,2023-10-14 16:15:49.643758
1555.6976,4.863,1555.6977,0.186,Zeta Markets,2023-10-14 17:10:52.441768
1555.574,0.19,1555.8533,1.239,Zeta Markets,2023-10-14 17:10:52.441768
1555.3849,9.993,1556.1646,3.098,Zeta Markets,2023-10-14 17:10:52.441768
1554.951,3.21,1556.9426,9.293,Zeta Markets,2023-10-14 17:10:52.441768
1554.6068,26.647,1557.7207,24.78,Zeta Markets,2023-10-14 17:10:52.441768
1554.174,9.64,1578.276,0.19,Zeta Markets,2023-10-14 17:10:52.441768
1552.618,12.86,1586.168,0.25,Zeta Markets,2023-10-14 17:10:52.441768
1551.062,16.07,1590.113,0.32,Zeta Markets,2023-10-14 17:10:52.441768
1531.628,0.19,1594.059,0.38,Zeta Markets,2023-10-14 17:10:52.441768
1523.969,0.25,1598.005,0.45,Zeta Markets,2023-10-14 17:10:52.441768
1520.14,0.32,2000.0,0.001,Zeta Markets,2023-10-14 17:10:52.441768
1516.311,0.38,2150.0,0.001,Zeta Markets,2023-10-14 17:10:52.441768
1512.482,0.45,2168.0,0.001,Zeta Markets,2023-10-14 17:10:52.441768
40.0,0.001,,,Zeta Markets,2023-10-14 17:10:52.441768
1554.0573,4.87,1554.0574,0.186,Zeta Markets,2023-10-14 18:16:22.439188
1553.743,10.007,1554.2129,1.24,Zeta Markets,2023-10-14 18:16:22.439188
1553.52,0.19,1554.5238,3.1,Zeta Markets,2023-10-14 18:16:22.439188
1552.9658,26.685,1555.301,9.299,Zeta Markets,2023-10-14 18:16:22.439188
1552.899,3.21,1556.0783,24.796,Zeta Markets,2023-10-14 18:16:22.439188
1552.122,9.65,1576.193,0.19,Zeta Markets,2023-10-14 18:16:22.439188
1550.568,12.87,1584.074,0.25,Zeta Markets,2023-10-14 18:16:22.439188
1549.015,16.09,1588.014,0.32,Zeta Markets,2023-10-14 18:16:22.439188
1529.606,0.19,1591.955,0.38,Zeta Markets,2023-10-14 18:16:22.439188
1521.958,0.25,1595.895,0.45,Zeta Markets,2023-10-14 18:16:22.439188
1518.134,0.32,2000.0,0.001,Zeta Markets,2023-10-14 18:16:22.439188
1514.31,0.38,2150.0,0.001,Zeta Markets,2023-10-14 18:16:22.439188
1510.486,0.45,2168.0,0.001,Zeta Markets,2023-10-14 18:16:22.439188
40.0,0.001,,,Zeta Markets,2023-10-14 18:16:22.439188
1554.8564,4.868,1554.8565,0.186,Zeta Markets,2023-10-14 19:10:11.681457
1554.504,0.19,1555.012,1.239,Zeta Markets,2023-10-14 19:10:11.681457
1554.4893,10.002,1555.3231,3.098,Zeta Markets,2023-10-14 19:10:11.681457
1553.883,3.21,1556.1007,9.294,Zeta Markets,2023-10-14 19:10:11.681457
1553.7116,26.673,1556.8784,24.784,Zeta Markets,2023-10-14 19:10:11.681457
1553.105,9.65,1577.191,0.19,Zeta Markets,2023-10-14 19:10:11.681457
1551.551,12.87,1585.077,0.25,Zeta Markets,2023-10-14 19:10:11.681457
1549.996,16.08,1589.02,0.32,Zeta Markets,2023-10-14 19:10:11.681457
1530.575,0.19,1592.963,0.38,Zeta Markets,2023-10-14 19:10:11.681457
1522.922,0.25,1596.906,0.45,Zeta Markets,2023-10-14 19:10:11.681457
1519.095,0.32,2000.0,0.001,Zeta Markets,2023-10-14 19:10:11.681457
1515.269,0.38,2150.0,0.001,Zeta Markets,2023-10-14 19:10:11.681457
1511.443,0.45,2168.0,0.001,Zeta Markets,2023-10-14 19:10:11.681457
40.0,0.001,,,Zeta Markets,2023-10-14 19:10:11.681457
1555.7689,4.865,1555.769,0.186,Zeta Markets,2023-10-14 20:12:58.024305
1555.4124,9.997,1555.9246,1.238,Zeta Markets,2023-10-14 20:12:58.024305
1555.164,0.19,1556.2358,3.096,Zeta Markets,2023-10-14 20:12:58.024305
1554.6343,26.657,1557.0139,9.288,Zeta Markets,2023-10-14 20:12:58.024305
1554.542,3.21,1557.792,24.768,Zeta Markets,2023-10-14 20:12:58.024305
1553.764,9.64,1577.86,0.19,Zeta Markets,2023-10-14 20:12:58.024305
1552.209,12.86,1585.75,0.25,Zeta Markets,2023-10-14 20:12:58.024305
1550.654,16.08,1589.694,0.32,Zeta Markets,2023-10-14 20:12:58.024305
1531.224,0.19,1593.639,0.38,Zeta Markets,2023-10-14 20:12:58.024305
1523.568,0.25,1597.584,0.45,Zeta Markets,2023-10-14 20:12:58.024305
1519.74,0.32,2000.0,0.001,Zeta Markets,2023-10-14 20:12:58.024305
1515.912,0.38,2150.0,0.001,Zeta Markets,2023-10-14 20:12:58.024305
1512.084,0.45,2168.0,0.001,Zeta Markets,2023-10-14 20:12:58.024305
40.0,0.001,,,Zeta Markets,2023-10-14 20:12:58.024305
1558.9051,4.856,1558.9052,0.185,Zeta Markets,2023-10-14 21:10:56.726306
1558.446,9.977,1559.0612,1.236,Zeta Markets,2023-10-14 21:10:56.726306
1557.993,0.19,1559.373,3.09,Zeta Markets,2023-10-14 21:10:56.726306
1557.6663,26.607,1560.1527,9.269,Zeta Markets,2023-10-14 21:10:56.726306
1556.747,3.2,1560.9323,24.717,Zeta Markets,2023-10-14 21:10:56.726306
1555.188,9.62,1604.739,0.19,Zeta Markets,2023-10-14 21:10:56.726306
1552.072,12.83,1620.787,0.25,Zeta Markets,2023-10-14 21:10:56.726306
1548.955,16.04,1628.811,0.32,Zeta Markets,2023-10-14 21:10:56.726306
1511.259,0.19,1636.834,0.38,Zeta Markets,2023-10-14 21:10:56.726306
1496.147,0.25,1644.858,0.44,Zeta Markets,2023-10-14 21:10:56.726306
1488.591,0.32,2000.0,0.001,Zeta Markets,2023-10-14 21:10:56.726306
1481.034,0.38,2150.0,0.001,Zeta Markets,2023-10-14 21:10:56.726306
1473.478,0.44,2168.0,0.001,Zeta Markets,2023-10-14 21:10:56.726306
40.0,0.001,,,Zeta Markets,2023-10-14 21:10:56.726306
0.0001,0.003,,,Zeta Markets,2023-10-14 21:10:56.726306
1555.8179,4.865,1555.818,0.186,Zeta Markets,2023-10-14 22:11:41.641608
1555.501,0.19,1555.9737,1.238,Zeta Markets,2023-10-14 22:11:41.641608
1555.4782,9.996,1556.2849,3.096,Zeta Markets,2023-10-14 22:11:41.641608
1554.879,3.21,1557.063,9.288,Zeta Markets,2023-10-14 22:11:41.641608
1554.7001,26.656,1557.8412,24.767,Zeta Markets,2023-10-14 22:11:41.641608
1554.101,9.64,1578.202,0.19,Zeta Markets,2023-10-14 22:11:41.641608
1552.545,12.86,1586.093,0.25,Zeta Markets,2023-10-14 22:11:41.641608
1550.99,16.07,1590.039,0.32,Zeta Markets,2023-10-14 22:11:41.641608
1531.556,0.19,1593.984,0.38,Zeta Markets,2023-10-14 22:11:41.641608
1523.898,0.25,1597.93,0.45,Zeta Markets,2023-10-14 22:11:41.641608
1520.069,0.32,2000.0,0.001,Zeta Markets,2023-10-14 22:11:41.641608
1516.24,0.38,2150.0,0.001,Zeta Markets,2023-10-14 22:11:41.641608
1512.411,0.45,2168.0,0.001,Zeta Markets,2023-10-14 22:11:41.641608
40.0,0.001,,,Zeta Markets,2023-10-14 22:11:41.641608
1556.7067,4.866,1556.7068,0.186,Zeta Markets,2023-10-14 23:12:24.704486
1556.354,0.19,1556.8625,1.236,Zeta Markets,2023-10-14 23:12:24.704486
1556.3486,10.0,1557.1739,3.091,Zeta Markets,2023-10-14 23:12:24.704486
1555.731,3.21,1557.9525,9.273,Zeta Markets,2023-10-14 23:12:24.704486
1555.57,26.667,1558.7311,24.729,Zeta Markets,2023-10-14 23:12:24.704486
1554.953,9.64,1579.067,0.19,Zeta Markets,2023-10-14 23:12:24.704486
1553.396,12.85,1586.963,0.25,Zeta Markets,2023-10-14 23:12:24.704486
1551.84,16.06,1590.91,0.32,Zeta Markets,2023-10-14 23:12:24.704486
1532.395,0.19,1594.858,0.38,Zeta Markets,2023-10-14 23:12:24.704486
1524.733,0.25,1598.806,0.44,Zeta Markets,2023-10-14 23:12:24.704486
1520.902,0.32,2000.0,0.001,Zeta Markets,2023-10-14 23:12:24.704486
1517.071,0.38,2150.0,0.001,Zeta Markets,2023-10-14 23:12:24.704486
1513.24,0.44,2168.0,0.001,Zeta Markets,2023-10-14 23:12:24.704486
40.0,0.001,,,Zeta Markets,2023-10-14 23:12:24.704486
0.0001,0.003,,,Zeta Markets,2023-10-14 23:12:24.704486
1552.2487,4.878,1552.2488,0.186,Zeta Markets,2023-10-15 01:04:25.091373
1552.009,0.19,1552.4041,1.241,Zeta Markets,2023-10-15 01:04:25.091373
1551.8897,10.023,1552.7146,3.102,Zeta Markets,2023-10-15 01:04:25.091373
1551.388,3.22,1553.491,9.305,Zeta Markets,2023-10-15 01:04:25.091373
1551.1134,26.728,1554.2673,24.814,Zeta Markets,2023-10-15 01:04:25.091373
1550.612,9.66,1574.66,0.19,Zeta Markets,2023-10-15 01:04:25.091373
1549.06,12.89,1582.533,0.25,Zeta Markets,2023-10-15 01:04:25.091373
1547.508,16.11,1586.469,0.32,Zeta Markets,2023-10-15 01:04:25.091373
1528.118,0.19,1590.406,0.38,Zeta Markets,2023-10-15 01:04:25.091373
1520.477,0.25,1594.343,0.45,Zeta Markets,2023-10-15 01:04:25.091373
1516.657,0.32,2000.0,0.001,Zeta Markets,2023-10-15 01:04:25.091373
1512.837,0.38,2150.0,0.001,Zeta Markets,2023-10-15 01:04:25.091373
1509.016,0.45,2168.0,0.001,Zeta Markets,2023-10-15 01:04:25.091373
40.0,0.001,,,Zeta Markets,2023-10-15 01:04:25.091373
0.0001,0.003,,,Zeta Markets,2023-10-15 01:04:25.091373
1554.3909,4.873,1554.391,0.186,Zeta Markets,2023-10-15 02:22:41.890557
1554.0739,10.014,1554.5465,1.238,Zeta Markets,2023-10-15 02:22:41.890557
1553.985,0.19,1554.8575,3.096,Zeta Markets,2023-10-15 02:22:41.890557
1553.363,3.21,1555.6349,9.288,Zeta Markets,2023-10-15 02:22:41.890557
1553.2964,26.704,1556.4123,24.767,Zeta Markets,2023-10-15 02:22:41.890557
1552.586,9.65,1576.664,0.19,Zeta Markets,2023-10-15 02:22:41.890557
1551.032,12.87,1584.547,0.25,Zeta Markets,2023-10-15 02:22:41.890557
1549.478,16.09,1588.489,0.32,Zeta Markets,2023-10-15 02:22:41.890557
1530.063,0.19,1592.43,0.38,Zeta Markets,2023-10-15 02:22:41.890557
1522.413,0.25,1596.372,0.45,Zeta Markets,2023-10-15 02:22:41.890557
1518.587,0.32,2000.0,0.001,Zeta Markets,2023-10-15 02:22:41.890557
1514.762,0.38,2150.0,0.001,Zeta Markets,2023-10-15 02:22:41.890557
1510.937,0.45,2168.0,0.001,Zeta Markets,2023-10-15 02:22:41.890557
40.0,0.001,,,Zeta Markets,2023-10-15 02:22:41.890557
1555.4883,4.87,1555.4884,0.186,Zeta Markets,2023-10-15 03:13:43.377676
1555.1362,10.007,1555.644,1.238,Zeta Markets,2023-10-15 03:13:43.377676
1555.041,0.19,1555.9552,3.094,Zeta Markets,2023-10-15 03:13:43.377676
1554.418,3.21,1556.7332,9.281,Zeta Markets,2023-10-15 03:13:43.377676
1554.3582,26.686,1557.5111,24.749,Zeta Markets,2023-10-15 03:13:43.377676
1553.641,9.64,1577.735,0.19,Zeta Markets,2023-10-15 03:13:43.377676
1552.086,12.86,1585.624,0.25,Zeta Markets,2023-10-15 03:13:43.377676
1550.53,16.08,1589.568,0.32,Zeta Markets,2023-10-15 03:13:43.377676
1531.103,0.19,1593.512,0.38,Zeta Markets,2023-10-15 03:13:43.377676
1523.447,0.25,1597.457,0.45,Zeta Markets,2023-10-15 03:13:43.377676
1519.619,0.32,2000.0,0.001,Zeta Markets,2023-10-15 03:13:43.377676
1515.792,0.38,2150.0,0.001,Zeta Markets,2023-10-15 03:13:43.377676
1511.964,0.45,2168.0,0.001,Zeta Markets,2023-10-15 03:13:43.377676
40.0,0.001,,,Zeta Markets,2023-10-15 03:13:43.377676
0.0001,0.003,,,Zeta Markets,2023-10-15 03:13:43.377676
1553.7657,4.875,1553.7658,0.186,Zeta Markets,2023-10-15 04:15:24.463101
1553.4365,10.018,1553.9212,1.239,Zeta Markets,2023-10-15 04:15:24.463101
1553.243,0.19,1554.2321,3.097,Zeta Markets,2023-10-15 04:15:24.463101
1552.6594,26.715,1555.0092,9.292,Zeta Markets,2023-10-15 04:15:24.463101
1552.622,3.22,1555.7863,24.778,Zeta Markets,2023-10-15 04:15:24.463101
1551.845,9.66,1575.911,0.19,Zeta Markets,2023-10-15 04:15:24.463101
1550.292,12.88,1583.791,0.25,Zeta Markets,2023-10-15 04:15:24.463101
1548.738,16.1,1587.731,0.32,Zeta Markets,2023-10-15 04:15:24.463101
1529.333,0.19,1591.67,0.38,Zeta Markets,2023-10-15 04:15:24.463101
1521.686,0.25,1595.61,0.45,Zeta Markets,2023-10-15 04:15:24.463101
1517.863,0.32,2000.0,0.001,Zeta Markets,2023-10-15 04:15:24.463101
1514.039,0.38,2150.0,0.001,Zeta Markets,2023-10-15 04:15:24.463101
1510.216,0.45,2168.0,0.001,Zeta Markets,2023-10-15 04:15:24.463101
40.0,0.001,,,Zeta Markets,2023-10-15 04:15:24.463101
0.0001,0.003,,,Zeta Markets,2023-10-15 04:15:24.463101
1553.5683,4.876,1553.5684,0.186,Zeta Markets,2023-10-15 05:12:11.121983
1553.1997,10.019,1553.7238,1.239,Zeta Markets,2023-10-15 05:12:11.121983
1553.172,0.19,1554.0346,3.098,Zeta Markets,2023-10-15 05:12:11.121983
1552.55,3.22,1554.8116,9.293,Zeta Markets,2023-10-15 05:12:11.121983
1552.4227,26.717,1555.5886,24.782,Zeta Markets,2023-10-15 05:12:11.121983
1551.774,9.66,1575.839,0.19,Zeta Markets,2023-10-15 05:12:11.121983
1550.22,12.88,1583.718,0.25,Zeta Markets,2023-10-15 05:12:11.121983
1548.667,16.1,1587.658,0.32,Zeta Markets,2023-10-15 05:12:11.121983
1529.262,0.19,1591.597,0.38,Zeta Markets,2023-10-15 05:12:11.121983
1521.616,0.25,1595.537,0.45,Zeta Markets,2023-10-15 05:12:11.121983
1517.793,0.32,2000.0,0.001,Zeta Markets,2023-10-15 05:12:11.121983
1513.97,0.38,2150.0,0.001,Zeta Markets,2023-10-15 05:12:11.121983
1510.147,0.45,2168.0,0.001,Zeta Markets,2023-10-15 05:12:11.121983
40.0,0.001,,,Zeta Markets,2023-10-15 05:12:11.121983
1553.332,4.876,1553.3321,0.186,Zeta Markets,2023-10-15 06:17:09.944660
1553.056,0.19,1553.4875,1.239,Zeta Markets,2023-10-15 06:17:09.944660
1553.0189,10.02,1553.7983,3.098,Zeta Markets,2023-10-15 06:17:09.944660
1552.435,3.22,1554.5752,9.295,Zeta Markets,2023-10-15 06:17:09.944660
1552.242,26.721,1555.3521,24.785,Zeta Markets,2023-10-15 06:17:09.944660
1551.658,9.66,1575.722,0.19,Zeta Markets,2023-10-15 06:17:09.944660
1550.105,12.88,1583.6,0.25,Zeta Markets,2023-10-15 06:17:09.944660
1548.552,16.1,1587.54,0.32,Zeta Markets,2023-10-15 06:17:09.944660
1529.149,0.19,1591.479,0.38,Zeta Markets,2023-10-15 06:17:09.944660
1521.503,0.25,1595.418,0.45,Zeta Markets,2023-10-15 06:17:09.944660
1517.68,0.32,2000.0,0.001,Zeta Markets,2023-10-15 06:17:09.944660
1513.857,0.38,2150.0,0.001,Zeta Markets,2023-10-15 06:17:09.944660
1510.034,0.45,2168.0,0.001,Zeta Markets,2023-10-15 06:17:09.944660
40.0,0.001,,,Zeta Markets,2023-10-15 06:17:09.944660
1553.7808,4.875,1553.7809,0.186,Zeta Markets,2023-10-15 07:11:27.412333
1553.4565,10.018,1553.9364,1.239,Zeta Markets,2023-10-15 07:11:27.412333
1553.288,0.19,1554.2472,3.097,Zeta Markets,2023-10-15 07:11:27.412333
1552.6794,26.713,1555.0243,9.292,Zeta Markets,2023-10-15 07:11:27.412333
1552.667,3.22,1555.8014,24.778,Zeta Markets,2023-10-15 07:11:27.412333
1551.89,9.66,1575.957,0.19,Zeta Markets,2023-10-15 07:11:27.412333
1550.337,12.88,1583.837,0.25,Zeta Markets,2023-10-15 07:11:27.412333
1548.783,16.1,1587.777,0.32,Zeta Markets,2023-10-15 07:11:27.412333
1529.377,0.19,1591.717,0.38,Zeta Markets,2023-10-15 07:11:27.412333
1521.73,0.25,1595.657,0.45,Zeta Markets,2023-10-15 07:11:27.412333
1517.907,0.32,2000.0,0.001,Zeta Markets,2023-10-15 07:11:27.412333
1514.083,0.38,2150.0,0.001,Zeta Markets,2023-10-15 07:11:27.412333
1510.26,0.45,2168.0,0.001,Zeta Markets,2023-10-15 07:11:27.412333
40.0,0.001,,,Zeta Markets,2023-10-15 07:11:27.412333
1554.9749,4.672,1555.1305,1.238,Zeta Markets,2023-10-15 08:15:41.584466
1554.6614,10.01,1555.4416,3.095,Zeta Markets,2023-10-15 08:15:41.584466
1554.478,0.19,1556.2193,9.284,Zeta Markets,2023-10-15 08:15:41.584466
1553.8836,26.694,1556.9971,24.758,Zeta Markets,2023-10-15 08:15:41.584466
1553.857,3.21,1577.165,0.19,Zeta Markets,2023-10-15 08:15:41.584466
1553.079,9.65,1585.051,0.25,Zeta Markets,2023-10-15 08:15:41.584466
1551.525,12.87,1588.994,0.32,Zeta Markets,2023-10-15 08:15:41.584466
1549.97,16.08,1592.936,0.38,Zeta Markets,2023-10-15 08:15:41.584466
1530.549,0.19,1596.879,0.45,Zeta Markets,2023-10-15 08:15:41.584466
1522.896,0.25,2000.0,0.001,Zeta Markets,2023-10-15 08:15:41.584466
1519.07,0.32,2150.0,0.001,Zeta Markets,2023-10-15 08:15:41.584466
1515.244,0.38,2168.0,0.001,Zeta Markets,2023-10-15 08:15:41.584466
1511.417,0.45,,,Zeta Markets,2023-10-15 08:15:41.584466
40.0,0.001,,,Zeta Markets,2023-10-15 08:15:41.584466
0.0001,0.003,,,Zeta Markets,2023-10-15 08:15:41.584466
1559.6077,4.858,1559.6078,0.185,Zeta Markets,2023-10-15 09:12:08.077845
1559.283,0.19,1559.7638,1.234,Zeta Markets,2023-10-15 09:12:08.077845
1559.1866,9.982,1560.0758,3.085,Zeta Markets,2023-10-15 09:12:08.077845
1558.659,3.2,1560.8558,9.256,Zeta Markets,2023-10-15 09:12:08.077845
1558.4066,26.618,1561.6358,24.683,Zeta Markets,2023-10-15 09:12:08.077845
1557.879,9.62,1582.039,0.19,Zeta Markets,2023-10-15 09:12:08.077845
1556.32,12.83,1589.949,0.25,Zeta Markets,2023-10-15 09:12:08.077845
1554.76,16.03,1593.904,0.32,Zeta Markets,2023-10-15 09:12:08.077845
1535.279,0.19,1597.859,0.38,Zeta Markets,2023-10-15 09:12:08.077845
1527.603,0.25,1601.815,0.44,Zeta Markets,2023-10-15 09:12:08.077845
1523.765,0.32,2000.0,0.001,Zeta Markets,2023-10-15 09:12:08.077845
1519.926,0.38,2150.0,0.001,Zeta Markets,2023-10-15 09:12:08.077845
1516.088,0.44,2168.0,0.001,Zeta Markets,2023-10-15 09:12:08.077845
40.0,0.001,,,Zeta Markets,2023-10-15 09:12:08.077845
1557.1677,4.866,1557.1678,0.185,Zeta Markets,2023-10-15 10:13:24.775868
1556.8535,10.0,1557.3235,1.236,Zeta Markets,2023-10-15 10:13:24.775868
1556.752,0.19,1557.6351,3.089,Zeta Markets,2023-10-15 10:13:24.775868
1556.129,3.21,1558.4139,9.268,Zeta Markets,2023-10-15 10:13:24.775868
1556.0747,26.665,1559.1927,24.714,Zeta Markets,2023-10-15 10:13:24.775868
1555.351,9.63,1579.461,0.19,Zeta Markets,2023-10-15 10:13:24.775868
1553.794,12.85,1587.359,0.25,Zeta Markets,2023-10-15 10:13:24.775868
1552.237,16.06,1591.307,0.32,Zeta Markets,2023-10-15 10:13:24.775868
1532.778,0.19,1595.256,0.38,Zeta Markets,2023-10-15 10:13:24.775868
1525.114,0.25,1599.205,0.44,Zeta Markets,2023-10-15 10:13:24.775868
1521.282,0.32,2000.0,0.001,Zeta Markets,2023-10-15 10:13:24.775868
1517.45,0.38,2150.0,0.001,Zeta Markets,2023-10-15 10:13:24.775868
1513.618,0.44,2168.0,0.001,Zeta Markets,2023-10-15 10:13:24.775868
40.0,0.001,,,Zeta Markets,2023-10-15 10:13:24.775868
1555.9607,4.875,1555.9608,0.185,Zeta Markets,2023-10-15 11:10:21.430626
1555.6071,10.016,1556.1164,1.236,Zeta Markets,2023-10-15 11:10:21.430626
1555.598,0.19,1556.4277,3.089,Zeta Markets,2023-10-15 11:10:21.430626
1554.975,3.21,1557.2059,9.267,Zeta Markets,2023-10-15 11:10:21.430626
1554.8289,26.709,1557.9841,24.711,Zeta Markets,2023-10-15 11:10:21.430626
1554.197,9.64,1578.299,0.19,Zeta Markets,2023-10-15 11:10:21.430626
1552.642,12.86,1586.191,0.25,Zeta Markets,2023-10-15 11:10:21.430626
1551.086,16.07,1590.137,0.32,Zeta Markets,2023-10-15 11:10:21.430626
1531.65,0.19,1594.082,0.38,Zeta Markets,2023-10-15 11:10:21.430626
1523.992,0.25,1598.028,0.45,Zeta Markets,2023-10-15 11:10:21.430626
1520.163,0.32,2000.0,0.001,Zeta Markets,2023-10-15 11:10:21.430626
1516.334,0.38,2150.0,0.001,Zeta Markets,2023-10-15 11:10:21.430626
1512.504,0.45,2168.0,0.001,Zeta Markets,2023-10-15 11:10:21.430626
40.0,0.001,,,Zeta Markets,2023-10-15 11:10:21.430626
1555.2946,4.876,1555.2947,0.185,Zeta Markets,2023-10-15 12:24:36.133181
1554.994,0.19,1555.4502,1.236,Zeta Markets,2023-10-15 12:24:36.133181
1554.9411,10.02,1555.7614,3.09,Zeta Markets,2023-10-15 12:24:36.133181
1554.372,3.21,1556.5393,9.271,Zeta Markets,2023-10-15 12:24:36.133181
1554.1633,26.72,1557.3171,24.722,Zeta Markets,2023-10-15 12:24:36.133181
1553.594,9.65,1577.687,0.19,Zeta Markets,2023-10-15 12:24:36.133181
1552.039,12.86,1585.575,0.25,Zeta Markets,2023-10-15 12:24:36.133181
1550.484,16.08,1589.52,0.32,Zeta Markets,2023-10-15 12:24:36.133181
1531.056,0.19,1593.464,0.38,Zeta Markets,2023-10-15 12:24:36.133181
1523.401,0.25,1597.408,0.45,Zeta Markets,2023-10-15 12:24:36.133181
1519.573,0.32,2000.0,0.001,Zeta Markets,2023-10-15 12:24:36.133181
1515.745,0.38,2150.0,0.001,Zeta Markets,2023-10-15 12:24:36.133181
1511.918,0.45,2168.0,0.001,Zeta Markets,2023-10-15 12:24:36.133181
40.0,0.001,,,Zeta Markets,2023-10-15 12:24:36.133181
1553.7754,4.87,1553.7755,0.186,Zeta Markets,2023-10-15 13:14:25.101066
1553.517,0.19,1553.9309,1.24,Zeta Markets,2023-10-15 13:14:25.101066
1553.3834,10.008,1554.2418,3.101,Zeta Markets,2023-10-15 13:14:25.101066
1552.896,3.21,1555.0189,9.302,Zeta Markets,2023-10-15 13:14:25.101066
1552.6063,26.687,1555.796,24.805,Zeta Markets,2023-10-15 13:14:25.101066
1552.119,9.65,1576.19,0.19,Zeta Markets,2023-10-15 13:14:25.101066
1550.565,12.87,1584.071,0.25,Zeta Markets,2023-10-15 13:14:25.101066
1549.012,16.09,1588.011,0.32,Zeta Markets,2023-10-15 13:14:25.101066
1529.603,0.19,1591.952,0.38,Zeta Markets,2023-10-15 13:14:25.101066
1521.955,0.25,1595.892,0.45,Zeta Markets,2023-10-15 13:14:25.101066
1518.131,0.32,2000.0,0.001,Zeta Markets,2023-10-15 13:14:25.101066
1514.307,0.38,2150.0,0.001,Zeta Markets,2023-10-15 13:14:25.101066
1510.483,0.45,2168.0,0.001,Zeta Markets,2023-10-15 13:14:25.101066
40.0,0.001,,,Zeta Markets,2023-10-15 13:14:25.101066
1555.0434,4.872,1555.0435,0.186,Zeta Markets,2023-10-15 14:11:19.828481
1554.916,0.19,1555.199,1.238,Zeta Markets,2023-10-15 14:11:19.828481
1554.563,10.012,1555.5101,3.094,Zeta Markets,2023-10-15 14:11:19.828481
1554.294,3.21,1556.2878,9.282,Zeta Markets,2023-10-15 14:11:19.828481
1553.7853,26.699,1557.0655,24.753,Zeta Markets,2023-10-15 14:11:19.828481
1553.516,9.65,1577.608,0.19,Zeta Markets,2023-10-15 14:11:19.828481
1551.961,12.86,1585.497,0.25,Zeta Markets,2023-10-15 14:11:19.828481
1550.406,16.08,1589.441,0.32,Zeta Markets,2023-10-15 14:11:19.828481
1530.98,0.19,1593.385,0.38,Zeta Markets,2023-10-15 14:11:19.828481
1523.325,0.25,1597.329,0.45,Zeta Markets,2023-10-15 14:11:19.828481
1519.497,0.32,2000.0,0.001,Zeta Markets,2023-10-15 14:11:19.828481
1515.67,0.38,2150.0,0.001,Zeta Markets,2023-10-15 14:11:19.828481
1511.842,0.45,2168.0,0.001,Zeta Markets,2023-10-15 14:11:19.828481
40.0,0.001,,,Zeta Markets,2023-10-15 14:11:19.828481
1552.9504,4.88,1552.9505,0.186,Zeta Markets,2023-10-15 15:12:17.766367
1552.539,0.19,1553.1058,1.239,Zeta Markets,2023-10-15 15:12:17.766367
1552.4688,10.025,1553.4165,3.099,Zeta Markets,2023-10-15 15:12:17.766367
1551.918,3.22,1554.1932,9.295,Zeta Markets,2023-10-15 15:12:17.766367
1551.6921,26.734,1554.9698,24.788,Zeta Markets,2023-10-15 15:12:17.766367
1551.142,9.66,1575.197,0.19,Zeta Markets,2023-10-15 15:12:17.766367
1549.589,12.88,1583.073,0.25,Zeta Markets,2023-10-15 15:12:17.766367
1548.037,16.1,1587.011,0.32,Zeta Markets,2023-10-15 15:12:17.766367
1528.64,0.19,1590.949,0.38,Zeta Markets,2023-10-15 15:12:17.766367
1520.997,0.25,1594.887,0.45,Zeta Markets,2023-10-15 15:12:17.766367
1517.175,0.32,2000.0,0.001,Zeta Markets,2023-10-15 15:12:17.766367
1513.353,0.38,2150.0,0.001,Zeta Markets,2023-10-15 15:12:17.766367
1509.532,0.45,2168.0,0.001,Zeta Markets,2023-10-15 15:12:17.766367
40.0,0.001,,,Zeta Markets,2023-10-15 15:12:17.766367
1552.9382,4.88,1552.9383,0.186,Zeta Markets,2023-10-15 16:15:58.112489
1552.695,0.19,1553.0936,1.239,Zeta Markets,2023-10-15 16:15:58.112489
1552.589,10.025,1553.4043,3.098,Zeta Markets,2023-10-15 16:15:58.112489
1552.074,3.22,1554.181,9.295,Zeta Markets,2023-10-15 16:15:58.112489
1551.8123,26.733,1554.9577,24.787,Zeta Markets,2023-10-15 16:15:58.112489
1551.297,9.66,1575.355,0.19,Zeta Markets,2023-10-15 16:15:58.112489
1549.745,12.88,1583.232,0.25,Zeta Markets,2023-10-15 16:15:58.112489
1548.192,16.1,1587.171,0.32,Zeta Markets,2023-10-15 16:15:58.112489
1528.793,0.19,1591.109,0.38,Zeta Markets,2023-10-15 16:15:58.112489
1521.149,0.25,1595.047,0.45,Zeta Markets,2023-10-15 16:15:58.112489
1517.327,0.32,2000.0,0.001,Zeta Markets,2023-10-15 16:15:58.112489
1513.505,0.38,2150.0,0.001,Zeta Markets,2023-10-15 16:15:58.112489
1509.683,0.45,2168.0,0.001,Zeta Markets,2023-10-15 16:15:58.112489
40.0,0.001,,,Zeta Markets,2023-10-15 16:15:58.112489
1556.654,4.868,1556.6541,0.185,Zeta Markets,2023-10-15 17:11:53.485281
1556.448,0.19,1556.8098,1.236,Zeta Markets,2023-10-15 17:11:53.485281
1556.2195,10.002,1557.1212,3.091,Zeta Markets,2023-10-15 17:11:53.485281
1555.825,3.21,1557.8997,9.272,Zeta Markets,2023-10-15 17:11:53.485281
1555.441,26.672,1558.6783,24.726,Zeta Markets,2023-10-15 17:11:53.485281
1555.047,9.64,1579.163,0.19,Zeta Markets,2023-10-15 17:11:53.485281
1553.49,12.85,1587.059,0.25,Zeta Markets,2023-10-15 17:11:53.485281
1551.934,16.06,1591.007,0.32,Zeta Markets,2023-10-15 17:11:53.485281
1532.488,0.19,1594.955,0.38,Zeta Markets,2023-10-15 17:11:53.485281
1524.826,0.25,1598.903,0.44,Zeta Markets,2023-10-15 17:11:53.485281
1520.995,0.32,2000.0,0.001,Zeta Markets,2023-10-15 17:11:53.485281
1517.163,0.38,2150.0,0.001,Zeta Markets,2023-10-15 17:11:53.485281
1513.332,0.44,2168.0,0.001,Zeta Markets,2023-10-15 17:11:53.485281
40.0,0.001,,,Zeta Markets,2023-10-15 17:11:53.485281
1557.8108,4.865,1557.8109,0.185,Zeta Markets,2023-10-15 18:16:36.678267
1557.4943,9.995,1557.9667,1.235,Zeta Markets,2023-10-15 18:16:36.678267
1557.367,0.19,1558.2784,3.088,Zeta Markets,2023-10-15 18:16:36.678267
1556.744,3.21,1559.0575,9.265,Zeta Markets,2023-10-15 18:16:36.678267
1556.7152,26.652,1559.8366,24.706,Zeta Markets,2023-10-15 18:16:36.678267
1555.965,9.63,1580.096,0.19,Zeta Markets,2023-10-15 18:16:36.678267
1554.408,12.84,1587.996,0.25,Zeta Markets,2023-10-15 18:16:36.678267
1552.85,16.05,1591.947,0.32,Zeta Markets,2023-10-15 18:16:36.678267
1533.393,0.19,1595.897,0.38,Zeta Markets,2023-10-15 18:16:36.678267
1525.726,0.25,1599.847,0.44,Zeta Markets,2023-10-15 18:16:36.678267
1521.893,0.32,2000.0,0.001,Zeta Markets,2023-10-15 18:16:36.678267
1518.06,0.38,2150.0,0.001,Zeta Markets,2023-10-15 18:16:36.678267
1514.226,0.44,2168.0,0.001,Zeta Markets,2023-10-15 18:16:36.678267
40.0,0.001,,,Zeta Markets,2023-10-15 18:16:36.678267
0.0001,0.003,,,Zeta Markets,2023-10-15 18:16:36.678267
1563.5002,4.847,1563.5003,0.185,Zeta Markets,2023-10-15 19:10:12.829844
1563.174,0.19,1563.6567,1.231,Zeta Markets,2023-10-15 19:10:12.829844
1563.1046,9.96,1563.9695,3.077,Zeta Markets,2023-10-15 19:10:12.829844
1562.549,3.19,1564.7514,9.23,Zeta Markets,2023-10-15 19:10:12.829844
1562.3226,26.559,1565.5334,24.613,Zeta Markets,2023-10-15 19:10:12.829844
1561.767,9.59,1585.988,0.19,Zeta Markets,2023-10-15 19:10:12.829844
1560.204,12.79,1593.918,0.25,Zeta Markets,2023-10-15 19:10:12.829844
1558.641,15.99,1597.883,0.31,Zeta Markets,2023-10-15 19:10:12.829844
1539.111,0.19,1601.848,0.38,Zeta Markets,2023-10-15 19:10:12.829844
1531.416,0.25,1605.813,0.44,Zeta Markets,2023-10-15 19:10:12.829844
1527.568,0.31,2000.0,0.001,Zeta Markets,2023-10-15 19:10:12.829844
1523.72,0.38,2150.0,0.001,Zeta Markets,2023-10-15 19:10:12.829844
1519.872,0.44,2168.0,0.001,Zeta Markets,2023-10-15 19:10:12.829844
40.0,0.001,,,Zeta Markets,2023-10-15 19:10:12.829844
1560.1152,4.858,1560.1153,0.185,Zeta Markets,2023-10-15 20:13:20.993276
1559.7223,9.981,1560.2714,1.233,Zeta Markets,2023-10-15 20:13:20.993276
1559.538,0.19,1560.5835,3.084,Zeta Markets,2023-10-15 20:13:20.993276
1558.9421,26.615,1561.3638,9.251,Zeta Markets,2023-10-15 20:13:20.993276
1558.914,3.2,1562.144,24.669,Zeta Markets,2023-10-15 20:13:20.993276
1558.135,9.62,1582.299,0.19,Zeta Markets,2023-10-15 20:13:20.993276
1556.575,12.82,1590.21,0.25,Zeta Markets,2023-10-15 20:13:20.993276
1555.015,16.03,1594.166,0.32,Zeta Markets,2023-10-15 20:13:20.993276
1535.531,0.19,1598.122,0.38,Zeta Markets,2023-10-15 20:13:20.993276
1527.853,0.25,1602.077,0.44,Zeta Markets,2023-10-15 20:13:20.993276
1524.015,0.32,2000.0,0.001,Zeta Markets,2023-10-15 20:13:20.993276
1520.176,0.38,2150.0,0.001,Zeta Markets,2023-10-15 20:13:20.993276
1516.337,0.44,2168.0,0.001,Zeta Markets,2023-10-15 20:13:20.993276
40.0,0.001,,,Zeta Markets,2023-10-15 20:13:20.993276
1558.3645,4.863,1558.3646,0.185,Zeta Markets,2023-10-15 21:11:12.947410
1557.8074,9.992,1558.5205,1.235,Zeta Markets,2023-10-15 21:11:12.947410
1557.079,0.19,1558.8322,3.087,Zeta Markets,2023-10-15 21:11:12.947410
1557.028,26.645,1559.6116,9.262,Zeta Markets,2023-10-15 21:11:12.947410
1555.834,3.21,1560.3909,24.699,Zeta Markets,2023-10-15 21:11:12.947410
1554.276,9.63,1603.792,0.19,Zeta Markets,2023-10-15 21:11:12.947410
1551.161,12.84,1619.83,0.25,Zeta Markets,2023-10-15 21:11:12.947410
1548.047,16.05,1627.849,0.32,Zeta Markets,2023-10-15 21:11:12.947410
1510.367,0.19,1635.868,0.38,Zeta Markets,2023-10-15 21:11:12.947410
1495.263,0.25,1643.887,0.44,Zeta Markets,2023-10-15 21:11:12.947410
1487.712,0.32,2000.0,0.001,Zeta Markets,2023-10-15 21:11:12.947410
1480.16,0.38,2150.0,0.001,Zeta Markets,2023-10-15 21:11:12.947410
1472.608,0.44,2168.0,0.001,Zeta Markets,2023-10-15 21:11:12.947410
40.0,0.001,,,Zeta Markets,2023-10-15 21:11:12.947410
1565.8967,5.03,1565.8968,0.184,Zeta Markets,2023-10-15 22:12:05.870575
1565.5308,9.945,1566.0534,1.229,Zeta Markets,2023-10-15 22:12:05.870575
1565.458,3.19,1566.3667,3.072,Zeta Markets,2023-10-15 22:12:05.870575
1564.7477,26.52,1567.1499,9.215,Zeta Markets,2023-10-15 22:12:05.870575
1564.675,9.58,1567.933,24.574,Zeta Markets,2023-10-15 22:12:05.870575
1563.109,12.77,1588.94,0.19,Zeta Markets,2023-10-15 22:12:05.870575
1561.543,15.96,1596.885,0.25,Zeta Markets,2023-10-15 22:12:05.870575
1541.977,0.19,1600.857,0.31,Zeta Markets,2023-10-15 22:12:05.870575
1534.267,0.25,1604.83,0.38,Zeta Markets,2023-10-15 22:12:05.870575
1530.412,0.31,1608.802,0.44,Zeta Markets,2023-10-15 22:12:05.870575
1526.557,0.38,2000.0,0.001,Zeta Markets,2023-10-15 22:12:05.870575
1522.702,0.44,2150.0,0.001,Zeta Markets,2023-10-15 22:12:05.870575
40.0,0.001,2168.0,0.001,Zeta Markets,2023-10-15 22:12:05.870575
0.0001,0.003,,,Zeta Markets,2023-10-15 22:12:05.870575
1555.0152,4.872,1555.0153,0.186,Zeta Markets,2023-10-15 23:13:09.489870
1554.598,10.012,1555.1708,1.238,Zeta Markets,2023-10-15 23:13:09.489870
1554.028,0.19,1555.4819,3.094,Zeta Markets,2023-10-15 23:13:09.489870
1553.8203,26.699,1556.2596,9.282,Zeta Markets,2023-10-15 23:13:09.489870
1552.784,3.21,1557.0373,24.753,Zeta Markets,2023-10-15 23:13:09.489870
1551.23,9.65,1577.075,0.19,Zeta Markets,2023-10-15 23:13:09.489870
1548.121,12.86,1584.961,0.25,Zeta Markets,2023-10-15 23:13:09.489870
1545.012,16.08,1588.903,0.32,Zeta Markets,2023-10-15 23:13:09.489870
1530.462,0.19,1592.846,0.38,Zeta Markets,2023-10-15 23:13:09.489870
1522.81,0.25,1596.789,0.45,Zeta Markets,2023-10-15 23:13:09.489870
1518.984,0.32,2000.0,0.001,Zeta Markets,2023-10-15 23:13:09.489870
1515.158,0.38,2150.0,0.001,Zeta Markets,2023-10-15 23:13:09.489870
1511.332,0.45,2168.0,0.001,Zeta Markets,2023-10-15 23:13:09.489870
40.0,0.001,,,Zeta Markets,2023-10-15 23:13:09.489870
1557.0539,4.87,1557.054,0.185,Zeta Markets,2023-10-16 01:01:38.051208
1556.6778,10.007,1557.2097,1.235,Zeta Markets,2023-10-16 01:01:38.051208
1556.418,0.19,1557.5212,3.087,Zeta Markets,2023-10-16 01:01:38.051208
1555.8991,26.686,1558.3,9.262,Zeta Markets,2023-10-16 01:01:38.051208
1555.795,3.21,1559.0787,24.699,Zeta Markets,2023-10-16 01:01:38.051208
1555.017,9.64,1579.133,0.19,Zeta Markets,2023-10-16 01:01:38.051208
1553.46,12.85,1587.028,0.25,Zeta Markets,2023-10-16 01:01:38.051208
1551.904,16.06,1590.976,0.32,Zeta Markets,2023-10-16 01:01:38.051208
1532.459,0.19,1594.924,0.38,Zeta Markets,2023-10-16 01:01:38.051208
1524.796,0.25,1598.872,0.44,Zeta Markets,2023-10-16 01:01:38.051208
1520.965,0.32,2000.0,0.001,Zeta Markets,2023-10-16 01:01:38.051208
1517.134,0.38,2150.0,0.001,Zeta Markets,2023-10-16 01:01:38.051208
1513.303,0.44,2168.0,0.001,Zeta Markets,2023-10-16 01:01:38.051208
40.0,0.001,,,Zeta Markets,2023-10-16 01:01:38.051208
0.0001,0.003,,,Zeta Markets,2023-10-16 01:01:38.051208
1565.8182,4.858,1565.8183,0.184,Zeta Markets,2023-10-16 02:22:46.471148
1565.564,0.19,1565.9749,1.224,Zeta Markets,2023-10-16 02:22:46.471148
1565.4736,9.982,1566.2882,3.06,Zeta Markets,2023-10-16 02:22:46.471148
1564.938,3.19,1567.0713,9.18,Zeta Markets,2023-10-16 02:22:46.471148
1564.6905,26.618,1567.8544,24.481,Zeta Markets,2023-10-16 02:22:46.471148
1564.155,9.58,1588.412,0.19,Zeta Markets,2023-10-16 02:22:46.471148
1562.589,12.78,1596.354,0.25,Zeta Markets,2023-10-16 02:22:46.471148
1561.023,15.97,1600.325,0.31,Zeta Markets,2023-10-16 02:22:46.471148
1541.464,0.19,1604.296,0.38,Zeta Markets,2023-10-16 02:22:46.471148
1533.757,0.25,1608.267,0.44,Zeta Markets,2023-10-16 02:22:46.471148
1529.903,0.31,2000.0,0.001,Zeta Markets,2023-10-16 02:22:46.471148
1526.049,0.38,2150.0,0.001,Zeta Markets,2023-10-16 02:22:46.471148
1522.196,0.44,2168.0,0.001,Zeta Markets,2023-10-16 02:22:46.471148
40.0,0.001,,,Zeta Markets,2023-10-16 02:22:46.471148
1561.8093,4.862,1561.8094,0.184,Zeta Markets,2023-10-16 03:14:30.786823
1561.4192,9.991,1561.9656,1.229,Zeta Markets,2023-10-16 03:14:30.786823
1561.367,0.19,1562.2781,3.073,Zeta Markets,2023-10-16 03:14:30.786823
1560.742,3.2,1563.0592,9.22,Zeta Markets,2023-10-16 03:14:30.786823
1560.6381,26.642,1563.8403,24.588,Zeta Markets,2023-10-16 03:14:30.786823
1559.962,9.61,1584.154,0.19,Zeta Markets,2023-10-16 03:14:30.786823
1558.4,12.81,1592.075,0.25,Zeta Markets,2023-10-16 03:14:30.786823
1556.839,16.01,1596.035,0.32,Zeta Markets,2023-10-16 03:14:30.786823
1537.332,0.19,1599.995,0.38,Zeta Markets,2023-10-16 03:14:30.786823
1529.645,0.25,1603.956,0.44,Zeta Markets,2023-10-16 03:14:30.786823
1525.802,0.32,2000.0,0.001,Zeta Markets,2023-10-16 03:14:30.786823
1521.958,0.38,2150.0,0.001,Zeta Markets,2023-10-16 03:14:30.786823
1518.115,0.44,2168.0,0.001,Zeta Markets,2023-10-16 03:14:30.786823
40.0,0.001,,,Zeta Markets,2023-10-16 03:14:30.786823
1562.3163,4.861,1562.3164,0.184,Zeta Markets,2023-10-16 04:16:31.455898
1561.985,9.986,1562.4727,1.229,Zeta Markets,2023-10-16 04:16:31.455898
1561.794,0.19,1562.7852,3.073,Zeta Markets,2023-10-16 04:16:31.455898
1561.2036,26.629,1563.5666,9.218,Zeta Markets,2023-10-16 04:16:31.455898
1561.17,3.2,1564.348,24.582,Zeta Markets,2023-10-16 04:16:31.455898
1560.389,9.6,1584.587,0.19,Zeta Markets,2023-10-16 04:16:31.455898
1558.827,12.81,1592.51,0.25,Zeta Markets,2023-10-16 04:16:31.455898
1557.265,16.01,1596.472,0.32,Zeta Markets,2023-10-16 04:16:31.455898
1537.752,0.19,1600.433,0.38,Zeta Markets,2023-10-16 04:16:31.455898
1530.063,0.25,1604.395,0.44,Zeta Markets,2023-10-16 04:16:31.455898
1526.219,0.32,2000.0,0.001,Zeta Markets,2023-10-16 04:16:31.455898
1522.375,0.38,2150.0,0.001,Zeta Markets,2023-10-16 04:16:31.455898
1518.53,0.44,2168.0,0.001,Zeta Markets,2023-10-16 04:16:31.455898
40.0,0.001,,,Zeta Markets,2023-10-16 04:16:31.455898
1564.0332,4.862,1564.0333,0.184,Zeta Markets,2023-10-16 05:13:18.525768
1563.788,0.19,1564.1898,1.226,Zeta Markets,2023-10-16 05:13:18.525768
1563.6248,9.989,1564.5027,3.065,Zeta Markets,2023-10-16 05:13:18.525768
1563.162,3.19,1565.2849,9.196,Zeta Markets,2023-10-16 05:13:18.525768
1562.8425,26.636,1566.0671,24.521,Zeta Markets,2023-10-16 05:13:18.525768
1562.38,9.59,1586.61,0.19,Zeta Markets,2023-10-16 05:13:18.525768
1560.816,12.79,1594.543,0.25,Zeta Markets,2023-10-16 05:13:18.525768
1559.252,15.99,1598.509,0.31,Zeta Markets,2023-10-16 05:13:18.525768
1539.715,0.19,1602.476,0.38,Zeta Markets,2023-10-16 05:13:18.525768
1532.016,0.25,1606.442,0.44,Zeta Markets,2023-10-16 05:13:18.525768
1528.167,0.31,2000.0,0.001,Zeta Markets,2023-10-16 05:13:18.525768
1524.318,0.38,2150.0,0.001,Zeta Markets,2023-10-16 05:13:18.525768
1520.468,0.44,2168.0,0.001,Zeta Markets,2023-10-16 05:13:18.525768
40.0,0.001,,,Zeta Markets,2023-10-16 05:13:18.525768
1582.503,4.802,1582.5031,0.182,Zeta Markets,2023-10-16 06:19:11.765109
1582.0867,9.866,1582.6614,1.213,Zeta Markets,2023-10-16 06:19:11.765109
1581.948,0.18,1582.978,3.031,Zeta Markets,2023-10-16 06:19:11.765109
1581.316,3.16,1583.7695,9.094,Zeta Markets,2023-10-16 06:19:11.765109
1581.2953,26.309,1584.5609,24.25,Zeta Markets,2023-10-16 06:19:11.765109
1580.525,9.48,1605.036,0.18,Zeta Markets,2023-10-16 06:19:11.765109
1578.942,12.64,1613.061,0.25,Zeta Markets,2023-10-16 06:19:11.765109
1577.36,15.8,1617.073,0.31,Zeta Markets,2023-10-16 06:19:11.765109
1557.596,0.18,1621.086,0.37,Zeta Markets,2023-10-16 06:19:11.765109
1549.808,0.25,1625.099,0.44,Zeta Markets,2023-10-16 06:19:11.765109
1545.914,0.31,2000.0,0.001,Zeta Markets,2023-10-16 06:19:11.765109
1542.02,0.37,2150.0,0.001,Zeta Markets,2023-10-16 06:19:11.765109
1538.126,0.44,2168.0,0.001,Zeta Markets,2023-10-16 06:19:11.765109
40.0,0.001,,,Zeta Markets,2023-10-16 06:19:11.765109
1578.3031,4.807,1578.3032,0.183,Zeta Markets,2023-10-16 07:13:14.804748
1577.9757,9.875,1578.4611,1.218,Zeta Markets,2023-10-16 07:13:14.804748
1577.821,0.19,1578.7768,3.045,Zeta Markets,2023-10-16 07:13:14.804748
1577.189,3.17,1579.5662,9.135,Zeta Markets,2023-10-16 07:13:14.804748
1577.1863,26.332,1580.3556,24.36,Zeta Markets,2023-10-16 07:13:14.804748
1576.4,9.51,1600.848,0.19,Zeta Markets,2023-10-16 07:13:14.804748
1574.823,12.68,1608.852,0.25,Zeta Markets,2023-10-16 07:13:14.804748
1573.245,15.85,1612.854,0.31,Zeta Markets,2023-10-16 07:13:14.804748
1553.532,0.19,1616.856,0.38,Zeta Markets,2023-10-16 07:13:14.804748
1545.764,0.25,1620.858,0.44,Zeta Markets,2023-10-16 07:13:14.804748
1541.881,0.31,2000.0,0.001,Zeta Markets,2023-10-16 07:13:14.804748
1537.997,0.38,2150.0,0.001,Zeta Markets,2023-10-16 07:13:14.804748
1534.113,0.44,2168.0,0.001,Zeta Markets,2023-10-16 07:13:14.804748
40.0,0.001,,,Zeta Markets,2023-10-16 07:13:14.804748
1583.2213,4.782,1583.2214,0.056,Zeta Markets,2023-10-16 08:18:28.548243
1582.986,0.18,1583.3798,1.217,Zeta Markets,2023-10-16 08:18:28.548243
1582.7694,9.824,1583.6965,3.042,Zeta Markets,2023-10-16 08:18:28.548243
1582.353,3.15,1584.4883,9.127,Zeta Markets,2023-10-16 08:18:28.548243
1581.9776,26.198,1585.2801,24.337,Zeta Markets,2023-10-16 08:18:28.548243
1581.561,9.47,1605.725,0.18,Zeta Markets,2023-10-16 08:18:28.548243
1579.978,12.63,1613.754,0.25,Zeta Markets,2023-10-16 08:18:28.548243
1578.395,15.79,1617.768,0.31,Zeta Markets,2023-10-16 08:18:28.548243
1558.266,0.18,1621.783,0.37,Zeta Markets,2023-10-16 08:18:28.548243
1550.474,0.25,1625.797,0.44,Zeta Markets,2023-10-16 08:18:28.548243
1546.579,0.31,2000.0,0.001,Zeta Markets,2023-10-16 08:18:28.548243
1542.683,0.37,2150.0,0.001,Zeta Markets,2023-10-16 08:18:28.548243
1538.787,0.44,2168.0,0.001,Zeta Markets,2023-10-16 08:18:28.548243
40.0,0.001,,,Zeta Markets,2023-10-16 08:18:28.548243
1577.2678,4.605,1577.4257,1.221,Zeta Markets,2023-10-16 09:14:56.104530
1576.8416,9.867,1577.7412,3.052,Zeta Markets,2023-10-16 09:14:56.104530
1576.629,0.19,1578.5301,9.156,Zeta Markets,2023-10-16 09:14:56.104530
1576.0527,26.311,1579.3189,24.415,Zeta Markets,2023-10-16 09:14:56.104530
1575.998,3.17,1599.638,0.19,Zeta Markets,2023-10-16 09:14:56.104530
1575.21,9.51,1607.637,0.25,Zeta Markets,2023-10-16 09:14:56.104530
1573.633,12.69,1611.636,0.31,Zeta Markets,2023-10-16 09:14:56.104530
1572.056,15.86,1615.635,0.38,Zeta Markets,2023-10-16 09:14:56.104530
1552.358,0.19,1619.634,0.44,Zeta Markets,2023-10-16 09:14:56.104530
1544.597,0.25,2000.0,0.001,Zeta Markets,2023-10-16 09:14:56.104530
1540.716,0.31,2150.0,0.001,Zeta Markets,2023-10-16 09:14:56.104530
1536.835,0.38,2168.0,0.001,Zeta Markets,2023-10-16 09:14:56.104530
1532.954,0.44,,,Zeta Markets,2023-10-16 09:14:56.104530
40.0,0.001,,,Zeta Markets,2023-10-16 09:14:56.104530
1582.8496,4.781,1582.8497,0.183,Zeta Markets,2023-10-16 10:15:25.375979
1582.624,0.18,1583.0081,1.218,Zeta Markets,2023-10-16 10:15:25.375979
1582.4801,9.823,1583.3247,3.044,Zeta Markets,2023-10-16 10:15:25.375979
1581.991,3.16,1584.1164,9.132,Zeta Markets,2023-10-16 10:15:25.375979
1581.6884,26.193,1584.908,24.352,Zeta Markets,2023-10-16 10:15:25.375979
1581.199,9.48,1605.562,0.18,Zeta Markets,2023-10-16 10:15:25.375979
1579.617,12.64,1613.59,0.25,Zeta Markets,2023-10-16 10:15:25.375979
1578.034,15.8,1617.604,0.31,Zeta Markets,2023-10-16 10:15:25.375979
1558.107,0.18,1621.618,0.37,Zeta Markets,2023-10-16 10:15:25.375979
1550.317,0.25,1625.632,0.44,Zeta Markets,2023-10-16 10:15:25.375979
1546.422,0.31,2000.0,0.001,Zeta Markets,2023-10-16 10:15:25.375979
1542.526,0.37,2150.0,0.001,Zeta Markets,2023-10-16 10:15:25.375979
1538.631,0.44,2168.0,0.001,Zeta Markets,2023-10-16 10:15:25.375979
40.0,0.001,,,Zeta Markets,2023-10-16 10:15:25.375979
1585.1862,4.775,1585.1863,0.182,Zeta Markets,2023-10-16 11:12:05.710317
1584.8161,9.812,1585.3448,1.215,Zeta Markets,2023-10-16 11:12:05.710317
1584.717,0.18,1585.662,3.038,Zeta Markets,2023-10-16 11:12:05.710317
1584.083,3.15,1586.4548,9.115,Zeta Markets,2023-10-16 11:12:05.710317
1584.0233,26.164,1587.2476,24.307,Zeta Markets,2023-10-16 11:12:05.710317
1583.29,9.46,1607.844,0.18,Zeta Markets,2023-10-16 11:12:05.710317
1581.705,12.62,1615.884,0.25,Zeta Markets,2023-10-16 11:12:05.710317
1580.121,15.78,1619.903,0.31,Zeta Markets,2023-10-16 11:12:05.710317
1560.322,0.18,1623.923,0.37,Zeta Markets,2023-10-16 11:12:05.710317
1552.52,0.25,1627.942,0.44,Zeta Markets,2023-10-16 11:12:05.710317
1548.619,0.31,2000.0,0.001,Zeta Markets,2023-10-16 11:12:05.710317
1544.719,0.37,2150.0,0.001,Zeta Markets,2023-10-16 11:12:05.710317
1540.818,0.44,2168.0,0.001,Zeta Markets,2023-10-16 11:12:05.710317
40.0,0.001,,,Zeta Markets,2023-10-16 11:12:05.710317
1584.1459,4.796,1584.146,0.182,Zeta Markets,2023-10-16 12:28:02.218696
1583.6981,9.854,1584.3045,1.212,Zeta Markets,2023-10-16 12:28:02.218696
1582.9058,26.277,1584.6214,3.029,Zeta Markets,2023-10-16 12:28:02.218696
1582.896,0.18,1585.4137,9.087,Zeta Markets,2023-10-16 12:28:02.218696
1581.629,3.15,1586.2059,24.231,Zeta Markets,2023-10-16 12:28:02.218696
1580.046,9.47,1630.383,0.18,Zeta Markets,2023-10-16 12:28:02.218696
1576.88,12.63,1646.687,0.25,Zeta Markets,2023-10-16 12:28:02.218696
1573.713,15.79,1654.839,0.31,Zeta Markets,2023-10-16 12:28:02.218696
1535.41,0.18,1662.991,0.37,Zeta Markets,2023-10-16 12:28:02.218696
1520.055,0.25,1671.143,0.44,Zeta Markets,2023-10-16 12:28:02.218696
1512.378,0.31,2000.0,0.001,Zeta Markets,2023-10-16 12:28:02.218696
1504.701,0.37,2150.0,0.001,Zeta Markets,2023-10-16 12:28:02.218696
1497.024,0.44,2168.0,0.001,Zeta Markets,2023-10-16 12:28:02.218696
40.0,0.001,,,Zeta Markets,2023-10-16 12:28:02.218696
1584.3375,4.793,1584.3376,0.182,Zeta Markets,2023-10-16 13:18:25.740386
1583.9449,9.85,1584.4961,1.212,Zeta Markets,2023-10-16 13:18:25.740386
1583.713,0.18,1584.813,3.029,Zeta Markets,2023-10-16 13:18:25.740386
1583.1526,26.268,1585.6054,9.087,Zeta Markets,2023-10-16 13:18:25.740386
1583.079,3.15,1586.3978,24.233,Zeta Markets,2023-10-16 13:18:25.740386
1582.287,9.47,1606.826,0.18,Zeta Markets,2023-10-16 13:18:25.740386
1580.703,12.63,1614.86,0.25,Zeta Markets,2023-10-16 13:18:25.740386
1579.119,15.79,1618.877,0.31,Zeta Markets,2023-10-16 13:18:25.740386
1559.333,0.18,1622.894,0.37,Zeta Markets,2023-10-16 13:18:25.740386
1551.537,0.25,1626.911,0.44,Zeta Markets,2023-10-16 13:18:25.740386
1547.638,0.31,2000.0,0.001,Zeta Markets,2023-10-16 13:18:25.740386
1543.74,0.37,2150.0,0.001,Zeta Markets,2023-10-16 13:18:25.740386
1539.842,0.44,2168.0,0.001,Zeta Markets,2023-10-16 13:18:25.740386
40.0,0.001,,,Zeta Markets,2023-10-16 13:18:25.740386
1584.8001,4.802,1584.8002,0.181,Zeta Markets,2023-10-16 15:14:37.071674
1584.392,9.867,1584.9587,1.209,Zeta Markets,2023-10-16 15:14:37.071674
1584.149,0.18,1585.2758,3.022,Zeta Markets,2023-10-16 15:14:37.071674
1583.5994,26.313,1586.0684,9.066,Zeta Markets,2023-10-16 15:14:37.071674
1583.515,3.15,1586.861,24.175,Zeta Markets,2023-10-16 15:14:37.071674
1582.723,9.47,1607.268,0.18,Zeta Markets,2023-10-16 15:14:37.071674
1581.139,12.63,1615.305,0.25,Zeta Markets,2023-10-16 15:14:37.071674
1579.554,15.78,1619.323,0.31,Zeta Markets,2023-10-16 15:14:37.071674
1559.763,0.18,1623.341,0.37,Zeta Markets,2023-10-16 15:14:37.071674
1551.964,0.25,1627.359,0.44,Zeta Markets,2023-10-16 15:14:37.071674
1548.065,0.31,2000.0,0.001,Zeta Markets,2023-10-16 15:14:37.071674
1544.165,0.37,2150.0,0.001,Zeta Markets,2023-10-16 15:14:37.071674
1540.266,0.44,2168.0,0.001,Zeta Markets,2023-10-16 15:14:37.071674
40.0,0.001,,,Zeta Markets,2023-10-16 15:14:37.071674
1580.5784,4.808,1580.5785,0.182,Zeta Markets,2023-10-16 16:18:42.061892
1579.9678,9.88,1580.7366,1.214,Zeta Markets,2023-10-16 16:18:42.061892
1579.1773,26.345,1581.0528,3.035,Zeta Markets,2023-10-16 16:18:42.061892
1517.674,0.18,1581.8432,9.105,Zeta Markets,2023-10-16 16:18:42.061892
1456.354,3.16,1582.6337,24.279,Zeta Markets,2023-10-16 16:18:42.061892
1379.704,9.49,1934.416,0.18,Zeta Markets,2023-10-16 16:18:42.061892
1226.404,12.66,2000.0,0.001,Zeta Markets,2023-10-16 16:18:42.061892
1223.814,0.18,2079.497,0.25,Zeta Markets,2023-10-16 16:18:42.061892
1132.028,0.25,2150.0,0.001,Zeta Markets,2023-10-16 16:18:42.061892
1086.135,0.31,2152.037,0.31,Zeta Markets,2023-10-16 16:18:42.061892
1073.103,15.83,2168.0,0.001,Zeta Markets,2023-10-16 16:18:42.061892
1040.242,0.37,2224.578,0.37,Zeta Markets,2023-10-16 16:18:42.061892
994.349,0.44,2297.119,0.44,Zeta Markets,2023-10-16 16:18:42.061892
40.0,0.001,,,Zeta Markets,2023-10-16 16:18:42.061892
1582.4457,4.79,1582.4458,0.182,Zeta Markets,2023-10-16 17:12:41.911490
1581.8845,9.842,1582.6041,1.216,Zeta Markets,2023-10-16 17:12:41.911490
1581.331,0.18,1582.9206,3.04,Zeta Markets,2023-10-16 17:12:41.911490
1581.0931,26.244,1583.712,9.119,Zeta Markets,2023-10-16 17:12:41.911490
1580.699,3.16,1584.5034,24.318,Zeta Markets,2023-10-16 17:12:41.911490
1579.908,9.48,1604.41,0.18,Zeta Markets,2023-10-16 17:12:41.911490
1578.326,12.65,1612.432,0.25,Zeta Markets,2023-10-16 17:12:41.911490
1576.745,15.81,1616.443,0.31,Zeta Markets,2023-10-16 17:12:41.911490
1556.989,0.18,1620.454,0.37,Zeta Markets,2023-10-16 17:12:41.911490
1549.204,0.25,1624.465,0.44,Zeta Markets,2023-10-16 17:12:41.911490
1545.311,0.31,2000.0,0.001,Zeta Markets,2023-10-16 17:12:41.911490
1541.419,0.37,2150.0,0.001,Zeta Markets,2023-10-16 17:12:41.911490
1537.526,0.44,2168.0,0.001,Zeta Markets,2023-10-16 17:12:41.911490
40.0,0.001,,,Zeta Markets,2023-10-16 17:12:41.911490
1583.4287,4.778,1583.4288,0.183,Zeta Markets,2023-10-16 18:18:54.162724
1582.7741,9.82,1583.5872,1.217,Zeta Markets,2023-10-16 18:18:54.162724
1581.9823,26.185,1583.9039,3.043,Zeta Markets,2023-10-16 18:18:54.162724
1581.969,0.18,1584.6958,9.13,Zeta Markets,2023-10-16 18:18:54.162724
1580.703,3.16,1585.4876,24.347,Zeta Markets,2023-10-16 18:18:54.162724
1579.121,9.48,1629.428,0.18,Zeta Markets,2023-10-16 18:18:54.162724
1575.957,12.64,1645.723,0.25,Zeta Markets,2023-10-16 18:18:54.162724
1572.792,15.8,1653.87,0.31,Zeta Markets,2023-10-16 18:18:54.162724
1534.51,0.18,1662.017,0.37,Zeta Markets,2023-10-16 18:18:54.162724
1519.165,0.25,1670.164,0.44,Zeta Markets,2023-10-16 18:18:54.162724
1511.493,0.31,2000.0,0.001,Zeta Markets,2023-10-16 18:18:54.162724
1503.82,0.37,2150.0,0.001,Zeta Markets,2023-10-16 18:18:54.162724
1496.148,0.44,2168.0,0.001,Zeta Markets,2023-10-16 18:18:54.162724
40.0,0.001,,,Zeta Markets,2023-10-16 18:18:54.162724
1599.6867,4.707,1599.6868,0.182,Zeta Markets,2023-10-16 19:11:46.387640
1599.0625,9.671,1599.8468,1.211,Zeta Markets,2023-10-16 19:11:46.387640
1598.2625,25.791,1600.1668,3.028,Zeta Markets,2023-10-16 19:11:46.387640
1598.071,0.18,1600.9668,9.084,Zeta Markets,2023-10-16 19:11:46.387640
1596.792,3.12,1601.7668,24.225,Zeta Markets,2023-10-16 19:11:46.387640
1595.193,9.38,1646.013,0.18,Zeta Markets,2023-10-16 19:11:46.387640
1591.997,12.51,1662.473,0.25,Zeta Markets,2023-10-16 19:11:46.387640
1588.8,15.64,1670.703,0.31,Zeta Markets,2023-10-16 19:11:46.387640
1550.128,0.18,1678.933,0.37,Zeta Markets,2023-10-16 19:11:46.387640
1534.627,0.25,1687.163,0.43,Zeta Markets,2023-10-16 19:11:46.387640
1526.877,0.31,2000.0,0.001,Zeta Markets,2023-10-16 19:11:46.387640
1519.126,0.37,2150.0,0.001,Zeta Markets,2023-10-16 19:11:46.387640
1511.375,0.43,2168.0,0.001,Zeta Markets,2023-10-16 19:11:46.387640
40.0,0.001,,,Zeta Markets,2023-10-16 19:11:46.387640
1593.232,4.719,1593.2321,0.183,Zeta Markets,2023-10-16 20:15:15.168785
1592.7324,9.696,1593.3915,1.218,Zeta Markets,2023-10-16 20:15:15.168785
1592.418,0.18,1593.7102,3.045,Zeta Markets,2023-10-16 20:15:15.168785
1591.9356,25.855,1594.507,9.135,Zeta Markets,2023-10-16 20:15:15.168785
1591.781,3.14,1595.3038,24.36,Zeta Markets,2023-10-16 20:15:15.168785
1590.984,9.42,1615.658,0.18,Zeta Markets,2023-10-16 20:15:15.168785
1589.392,12.56,1623.736,0.25,Zeta Markets,2023-10-16 20:15:15.168785
1587.799,15.7,1627.775,0.31,Zeta Markets,2023-10-16 20:15:15.168785
1567.904,0.18,1631.814,0.37,Zeta Markets,2023-10-16 20:15:15.168785
1560.065,0.25,1635.854,0.43,Zeta Markets,2023-10-16 20:15:15.168785
1556.145,0.31,2000.0,0.001,Zeta Markets,2023-10-16 20:15:15.168785
1552.225,0.37,2150.0,0.001,Zeta Markets,2023-10-16 20:15:15.168785
1548.306,0.43,2168.0,0.001,Zeta Markets,2023-10-16 20:15:15.168785
40.0,0.001,,,Zeta Markets,2023-10-16 20:15:15.168785
1580.2687,4.729,1580.2688,0.185,Zeta Markets,2023-10-16 21:12:38.290544
1579.8765,9.718,1580.4268,1.235,Zeta Markets,2023-10-16 21:12:38.290544
1579.41,0.19,1580.743,3.089,Zeta Markets,2023-10-16 21:12:38.290544
1579.0862,25.915,1581.5333,9.265,Zeta Markets,2023-10-16 21:12:38.290544
1578.778,3.16,1582.3237,24.708,Zeta Markets,2023-10-16 21:12:38.290544
1577.988,9.5,1602.46,0.19,Zeta Markets,2023-10-16 21:12:38.290544
1576.408,12.66,1610.472,0.25,Zeta Markets,2023-10-16 21:12:38.290544
1574.829,15.83,1614.478,0.31,Zeta Markets,2023-10-16 21:12:38.290544
1555.096,0.19,1618.484,0.38,Zeta Markets,2023-10-16 21:12:38.290544
1547.321,0.25,1622.491,0.44,Zeta Markets,2023-10-16 21:12:38.290544
1543.433,0.31,2000.0,0.001,Zeta Markets,2023-10-16 21:12:38.290544
1539.545,0.38,2150.0,0.001,Zeta Markets,2023-10-16 21:12:38.290544
1535.658,0.44,2168.0,0.001,Zeta Markets,2023-10-16 21:12:38.290544
40.0,0.001,,,Zeta Markets,2023-10-16 21:12:38.290544
1592.629,4.684,1592.6291,0.184,Zeta Markets,2023-10-16 22:13:00.127545
1592.2897,9.624,1592.7885,1.228,Zeta Markets,2023-10-16 22:13:00.127545
1591.878,0.18,1593.1071,3.071,Zeta Markets,2023-10-16 22:13:00.127545
1591.4932,25.664,1593.9036,9.212,Zeta Markets,2023-10-16 22:13:00.127545
1591.241,3.14,1594.7002,24.564,Zeta Markets,2023-10-16 22:13:00.127545
1590.445,9.42,1615.11,0.18,Zeta Markets,2023-10-16 22:13:00.127545
1588.853,12.56,1623.186,0.25,Zeta Markets,2023-10-16 22:13:00.127545
1587.261,15.71,1627.224,0.31,Zeta Markets,2023-10-16 22:13:00.127545
1567.373,0.18,1631.261,0.37,Zeta Markets,2023-10-16 22:13:00.127545
1559.536,0.25,1635.299,0.43,Zeta Markets,2023-10-16 22:13:00.127545
1555.618,0.31,2000.0,0.001,Zeta Markets,2023-10-16 22:13:00.127545
1551.699,0.37,2150.0,0.001,Zeta Markets,2023-10-16 22:13:00.127545
1547.781,0.43,2168.0,0.001,Zeta Markets,2023-10-16 22:13:00.127545
40.0,0.001,,,Zeta Markets,2023-10-16 22:13:00.127545
1604.2504,4.649,1604.2505,0.183,Zeta Markets,2023-10-16 23:13:38.704421
1603.7883,9.552,1604.411,1.22,Zeta Markets,2023-10-16 23:13:38.704421
1603.362,0.18,1604.7319,3.049,Zeta Markets,2023-10-16 23:13:38.704421
1602.986,25.471,1605.5343,9.148,Zeta Markets,2023-10-16 23:13:38.704421
1602.72,3.11,1606.3366,24.394,Zeta Markets,2023-10-16 23:13:38.704421
1601.918,9.35,1626.761,0.18,Zeta Markets,2023-10-16 23:13:38.704421
1600.315,12.47,1634.895,0.24,Zeta Markets,2023-10-16 23:13:38.704421
1598.711,15.59,1638.962,0.31,Zeta Markets,2023-10-16 23:13:38.704421
1578.68,0.18,1643.029,0.37,Zeta Markets,2023-10-16 23:13:38.704421
1570.786,0.24,1647.096,0.43,Zeta Markets,2023-10-16 23:13:38.704421
1566.84,0.31,2000.0,0.001,Zeta Markets,2023-10-16 23:13:38.704421
1562.893,0.37,2150.0,0.001,Zeta Markets,2023-10-16 23:13:38.704421
1558.946,0.43,2168.0,0.001,Zeta Markets,2023-10-16 23:13:38.704421
40.0,0.001,,,Zeta Markets,2023-10-16 23:13:38.704421
1592.6452,4.686,1592.6453,0.184,Zeta Markets,2023-10-17 01:00:52.281103
1592.2729,9.628,1592.8046,1.228,Zeta Markets,2023-10-17 01:00:52.281103
1592.027,0.18,1593.1232,3.069,Zeta Markets,2023-10-17 01:00:52.281103
1591.4763,25.674,1593.9197,9.208,Zeta Markets,2023-10-17 01:00:52.281103
1591.39,3.14,1594.7163,24.554,Zeta Markets,2023-10-17 01:00:52.281103
1590.594,9.42,1615.261,0.18,Zeta Markets,2023-10-17 01:00:52.281103
1589.002,12.56,1623.338,0.25,Zeta Markets,2023-10-17 01:00:52.281103
1587.41,15.7,1627.376,0.31,Zeta Markets,2023-10-17 01:00:52.281103
1567.52,0.18,1631.414,0.37,Zeta Markets,2023-10-17 01:00:52.281103
1559.682,0.25,1635.452,0.43,Zeta Markets,2023-10-17 01:00:52.281103
1555.763,0.31,2000.0,0.001,Zeta Markets,2023-10-17 01:00:52.281103
1551.845,0.37,2150.0,0.001,Zeta Markets,2023-10-17 01:00:52.281103
1547.926,0.43,2168.0,0.001,Zeta Markets,2023-10-17 01:00:52.281103
40.0,0.001,,,Zeta Markets,2023-10-17 01:00:52.281103
1592.6622,4.701,1592.6623,0.184,Zeta Markets,2023-10-17 02:21:22.517400
1592.2914,9.659,1592.8216,1.224,Zeta Markets,2023-10-17 02:21:22.517400
1591.739,0.18,1593.1402,3.059,Zeta Markets,2023-10-17 02:21:22.517400
1591.4949,25.758,1593.9368,9.177,Zeta Markets,2023-10-17 02:21:22.517400
1591.103,3.14,1594.7334,24.471,Zeta Markets,2023-10-17 02:21:22.517400
1590.307,9.42,1614.97,0.18,Zeta Markets,2023-10-17 02:21:22.517400
1588.715,12.56,1623.044,0.25,Zeta Markets,2023-10-17 02:21:22.517400
1587.123,15.71,1627.082,0.31,Zeta Markets,2023-10-17 02:21:22.517400
1567.236,0.18,1631.119,0.37,Zeta Markets,2023-10-17 02:21:22.517400
1559.4,0.25,1635.157,0.43,Zeta Markets,2023-10-17 02:21:22.517400
1555.482,0.31,2000.0,0.001,Zeta Markets,2023-10-17 02:21:22.517400
1551.564,0.37,2150.0,0.001,Zeta Markets,2023-10-17 02:21:22.517400
1547.646,0.43,2168.0,0.001,Zeta Markets,2023-10-17 02:21:22.517400
40.0,0.001,,,Zeta Markets,2023-10-17 02:21:22.517400
1595.2628,4.682,1595.2629,0.184,Zeta Markets,2023-10-17 03:14:04.609538
1594.9111,9.62,1595.4225,1.225,Zeta Markets,2023-10-17 03:14:04.609538
1594.517,0.18,1595.7416,3.062,Zeta Markets,2023-10-17 03:14:04.609538
1594.1132,25.654,1596.5395,9.184,Zeta Markets,2023-10-17 03:14:04.609538
1593.879,3.13,1597.3374,24.492,Zeta Markets,2023-10-17 03:14:04.609538
1593.082,9.41,1617.788,0.18,Zeta Markets,2023-10-17 03:14:04.609538
1591.487,12.54,1625.877,0.25,Zeta Markets,2023-10-17 03:14:04.609538
1589.892,15.68,1629.921,0.31,Zeta Markets,2023-10-17 03:14:04.609538
1569.971,0.18,1633.966,0.37,Zeta Markets,2023-10-17 03:14:04.609538
1562.121,0.25,1638.01,0.43,Zeta Markets,2023-10-17 03:14:04.609538
1558.197,0.31,2000.0,0.001,Zeta Markets,2023-10-17 03:14:04.609538
1554.272,0.37,2150.0,0.001,Zeta Markets,2023-10-17 03:14:04.609538
1550.347,0.43,2168.0,0.001,Zeta Markets,2023-10-17 03:14:04.609538
40.0,0.001,,,Zeta Markets,2023-10-17 03:14:04.609538
1588.2066,4.523,1588.3655,1.226,Zeta Markets,2023-10-17 04:16:34.979324
1587.684,9.692,1588.6833,3.066,Zeta Markets,2023-10-17 04:16:34.979324
1586.948,0.18,1589.4776,9.198,Zeta Markets,2023-10-17 04:16:34.979324
1586.8898,25.846,1590.2718,24.527,Zeta Markets,2023-10-17 04:16:34.979324
1585.678,3.15,1634.556,0.18,Zeta Markets,2023-10-17 04:16:34.979324
1584.091,9.45,1650.902,0.25,Zeta Markets,2023-10-17 04:16:34.979324
1580.916,12.6,1659.075,0.31,Zeta Markets,2023-10-17 04:16:34.979324
1577.742,15.75,1667.247,0.37,Zeta Markets,2023-10-17 04:16:34.979324
1539.339,0.18,1675.42,0.44,Zeta Markets,2023-10-17 04:16:34.979324
1523.946,0.25,2000.0,0.001,Zeta Markets,2023-10-17 04:16:34.979324
1516.249,0.31,2150.0,0.001,Zeta Markets,2023-10-17 04:16:34.979324
1508.553,0.37,2168.0,0.001,Zeta Markets,2023-10-17 04:16:34.979324
1500.856,0.44,,,Zeta Markets,2023-10-17 04:16:34.979324
40.0,0.001,,,Zeta Markets,2023-10-17 04:16:34.979324
1588.4175,4.698,1588.4176,0.185,Zeta Markets,2023-10-17 05:12:42.295272
1587.9457,9.653,1588.5765,1.231,Zeta Markets,2023-10-17 05:12:42.295272
1587.724,0.18,1588.8943,3.078,Zeta Markets,2023-10-17 05:12:42.295272
1587.1513,25.742,1589.6887,9.233,Zeta Markets,2023-10-17 05:12:42.295272
1587.089,3.15,1590.4831,24.621,Zeta Markets,2023-10-17 05:12:42.295272
1586.295,9.45,1610.896,0.18,Zeta Markets,2023-10-17 05:12:42.295272
1584.707,12.6,1618.951,0.25,Zeta Markets,2023-10-17 05:12:42.295272
1583.12,15.75,1622.978,0.31,Zeta Markets,2023-10-17 05:12:42.295272
1563.283,0.18,1627.005,0.37,Zeta Markets,2023-10-17 05:12:42.295272
1555.467,0.25,1631.032,0.44,Zeta Markets,2023-10-17 05:12:42.295272
1551.559,0.31,2000.0,0.001,Zeta Markets,2023-10-17 05:12:42.295272
1547.651,0.37,2150.0,0.001,Zeta Markets,2023-10-17 05:12:42.295272
1543.742,0.44,2168.0,0.001,Zeta Markets,2023-10-17 05:12:42.295272
40.0,0.001,,,Zeta Markets,2023-10-17 05:12:42.295272
1586.1602,4.639,1586.1603,0.188,Zeta Markets,2023-10-17 06:19:04.700483
1585.829,0.18,1586.319,1.251,Zeta Markets,2023-10-17 06:19:04.700483
1585.8111,9.53,1586.6363,3.126,Zeta Markets,2023-10-17 06:19:04.700483
1585.195,3.15,1587.4296,9.379,Zeta Markets,2023-10-17 06:19:04.700483
1585.0178,25.414,1588.2229,25.011,Zeta Markets,2023-10-17 06:19:04.700483
1584.402,9.46,1608.973,0.18,Zeta Markets,2023-10-17 06:19:04.700483
1582.816,12.61,1617.018,0.25,Zeta Markets,2023-10-17 06:19:04.700483
1581.23,15.77,1621.04,0.31,Zeta Markets,2023-10-17 06:19:04.700483
1561.417,0.18,1625.063,0.37,Zeta Markets,2023-10-17 06:19:04.700483
1553.61,0.25,1629.085,0.44,Zeta Markets,2023-10-17 06:19:04.700483
1549.707,0.31,2000.0,0.001,Zeta Markets,2023-10-17 06:19:04.700483
1545.803,0.37,2150.0,0.001,Zeta Markets,2023-10-17 06:19:04.700483
1541.9,0.44,2168.0,0.001,Zeta Markets,2023-10-17 06:19:04.700483
40.0,0.001,,,Zeta Markets,2023-10-17 06:19:04.700483
1585.9055,4.602,1585.9056,0.189,Zeta Markets,2023-10-17 07:13:21.295320
1585.903,0.18,1586.0643,1.261,Zeta Markets,2023-10-17 07:13:21.295320
1585.537,9.457,1586.3815,3.152,Zeta Markets,2023-10-17 07:13:21.295320
1585.268,3.15,1587.1747,9.454,Zeta Markets,2023-10-17 07:13:21.295320
1584.7438,25.218,1587.9679,25.212,Zeta Markets,2023-10-17 07:13:21.295320
1584.475,9.46,1609.048,0.18,Zeta Markets,2023-10-17 07:13:21.295320
1582.889,12.61,1617.093,0.25,Zeta Markets,2023-10-17 07:13:21.295320
1581.303,15.77,1621.116,0.31,Zeta Markets,2023-10-17 07:13:21.295320
1561.49,0.18,1625.138,0.37,Zeta Markets,2023-10-17 07:13:21.295320
1553.682,0.25,1629.161,0.44,Zeta Markets,2023-10-17 07:13:21.295320
1549.778,0.31,2000.0,0.001,Zeta Markets,2023-10-17 07:13:21.295320
1545.875,0.37,2150.0,0.001,Zeta Markets,2023-10-17 07:13:21.295320
1541.971,0.44,2168.0,0.001,Zeta Markets,2023-10-17 07:13:21.295320
40.0,0.001,,,Zeta Markets,2023-10-17 07:13:21.295320
1587.8812,4.542,1587.8813,0.191,Zeta Markets,2023-10-17 08:18:29.439959
1587.638,0.18,1588.0401,1.274,Zeta Markets,2023-10-17 08:18:29.439959
1587.4506,9.333,1588.3578,3.184,Zeta Markets,2023-10-17 08:18:29.439959
1587.002,3.15,1589.1519,9.553,Zeta Markets,2023-10-17 08:18:29.439959
1586.6565,24.889,1589.9461,25.474,Zeta Markets,2023-10-17 08:18:29.439959
1586.209,9.45,1610.808,0.18,Zeta Markets,2023-10-17 08:18:29.439959
1584.621,12.6,1618.862,0.25,Zeta Markets,2023-10-17 08:18:29.439959
1583.033,15.75,1622.889,0.31,Zeta Markets,2023-10-17 08:18:29.439959
1563.198,0.18,1626.916,0.37,Zeta Markets,2023-10-17 08:18:29.439959
1555.382,0.25,1630.943,0.44,Zeta Markets,2023-10-17 08:18:29.439959
1551.474,0.31,2000.0,0.001,Zeta Markets,2023-10-17 08:18:29.439959
1547.566,0.37,2150.0,0.001,Zeta Markets,2023-10-17 08:18:29.439959
1543.658,0.44,2168.0,0.001,Zeta Markets,2023-10-17 08:18:29.439959
40.0,0.001,,,Zeta Markets,2023-10-17 08:18:29.439959
1587.7021,4.701,1587.7022,0.192,Zeta Markets,2023-10-17 09:14:10.269817
1587.3607,9.289,1587.861,1.28,Zeta Markets,2023-10-17 09:14:10.269817
1587.138,3.15,1588.1786,3.199,Zeta Markets,2023-10-17 09:14:10.269817
1586.5666,24.769,1588.9727,9.598,Zeta Markets,2023-10-17 09:14:10.269817
1586.344,9.45,1589.7668,25.595,Zeta Markets,2023-10-17 09:14:10.269817
1584.756,12.6,1610.945,0.18,Zeta Markets,2023-10-17 09:14:10.269817
1583.168,15.75,1619.0,0.25,Zeta Markets,2023-10-17 09:14:10.269817
1563.331,0.18,1623.027,0.31,Zeta Markets,2023-10-17 09:14:10.269817
1555.514,0.25,1627.055,0.37,Zeta Markets,2023-10-17 09:14:10.269817
1551.606,0.31,1631.082,0.44,Zeta Markets,2023-10-17 09:14:10.269817
1547.698,0.37,2000.0,0.001,Zeta Markets,2023-10-17 09:14:10.269817
1543.789,0.44,2150.0,0.001,Zeta Markets,2023-10-17 09:14:10.269817
40.0,0.001,2168.0,0.001,Zeta Markets,2023-10-17 09:14:10.269817
0.0001,0.003,,,Zeta Markets,2023-10-17 09:14:10.269817
1589.996,4.632,1589.9961,1.489,Zeta Markets,2023-10-17 10:15:07.534153
1589.4668,9.148,1590.2909,3.237,Zeta Markets,2023-10-17 10:15:07.534153
1589.449,3.14,1591.086,9.711,Zeta Markets,2023-10-17 10:15:07.534153
1588.6717,24.395,1591.8812,25.896,Zeta Markets,2023-10-17 10:15:07.534153
1588.654,9.43,1613.291,0.18,Zeta Markets,2023-10-17 10:15:07.534153
1587.063,12.58,1621.357,0.25,Zeta Markets,2023-10-17 10:15:07.534153
1585.473,15.72,1625.391,0.31,Zeta Markets,2023-10-17 10:15:07.534153
1565.607,0.18,1629.424,0.37,Zeta Markets,2023-10-17 10:15:07.534153
1557.779,0.25,1633.457,0.44,Zeta Markets,2023-10-17 10:15:07.534153
1553.865,0.31,2000.0,0.001,Zeta Markets,2023-10-17 10:15:07.534153
1549.951,0.37,2150.0,0.001,Zeta Markets,2023-10-17 10:15:07.534153
1546.037,0.44,2168.0,0.001,Zeta Markets,2023-10-17 10:15:07.534153
40.0,0.001,,,Zeta Markets,2023-10-17 10:15:07.534153
1583.656,4.573,1583.6561,0.349,Zeta Markets,2023-10-17 11:11:50.272679
1583.1985,9.084,1583.7102,1.313,Zeta Markets,2023-10-17 11:11:50.272679
1582.4064,24.225,1584.027,3.282,Zeta Markets,2023-10-17 11:11:50.272679
1559.535,0.18,1584.819,9.847,Zeta Markets,2023-10-17 11:11:50.272679
1551.737,0.25,1585.611,26.26,Zeta Markets,2023-10-17 11:11:50.272679
1547.838,0.31,1607.033,0.18,Zeta Markets,2023-10-17 11:11:50.272679
1543.939,0.37,1615.068,0.25,Zeta Markets,2023-10-17 11:11:50.272679
1540.04,0.44,1619.086,0.31,Zeta Markets,2023-10-17 11:11:50.272679
40.0,0.001,1623.103,0.37,Zeta Markets,2023-10-17 11:11:50.272679
,,1627.121,0.44,Zeta Markets,2023-10-17 11:11:50.272679
,,2000.0,0.001,Zeta Markets,2023-10-17 11:11:50.272679
,,2150.0,0.001,Zeta Markets,2023-10-17 11:11:50.272679
,,2168.0,0.001,Zeta Markets,2023-10-17 11:11:50.272679
1581.872,1.375,1581.8721,1.531,Zeta Markets,2023-10-17 12:27:29.578070
1581.8063,2.99,1581.9859,3.328,Zeta Markets,2023-10-17 12:27:29.578070
1581.675,0.18,1582.7769,9.985,Zeta Markets,2023-10-17 12:27:29.578070
1581.042,3.16,1583.5678,26.626,Zeta Markets,2023-10-17 12:27:29.578070
1581.0153,8.97,1604.758,0.18,Zeta Markets,2023-10-17 12:27:29.578070
1580.252,9.48,1612.782,0.25,Zeta Markets,2023-10-17 12:27:29.578070
1580.2244,23.92,1616.794,0.31,Zeta Markets,2023-10-17 12:27:29.578070
1578.67,12.64,1620.806,0.37,Zeta Markets,2023-10-17 12:27:29.578070
1577.088,15.81,1624.818,0.44,Zeta Markets,2023-10-17 12:27:29.578070
1557.327,0.18,2000.0,0.001,Zeta Markets,2023-10-17 12:27:29.578070
1549.541,0.25,2150.0,0.001,Zeta Markets,2023-10-17 12:27:29.578070
1545.647,0.31,2168.0,0.001,Zeta Markets,2023-10-17 12:27:29.578070
1541.754,0.37,,,Zeta Markets,2023-10-17 12:27:29.578070
1537.861,0.44,,,Zeta Markets,2023-10-17 12:27:29.578070
40.0,0.001,,,Zeta Markets,2023-10-17 12:27:29.578070
1577.44,0.178,1577.4401,4.916,Zeta Markets,2023-10-17 13:17:50.565994
1577.3511,1.188,1577.8657,10.102,Zeta Markets,2023-10-17 13:17:50.565994
1577.0357,2.97,1578.6542,26.938,Zeta Markets,2023-10-17 13:17:50.565994
1576.977,0.19,1599.991,0.19,Zeta Markets,2023-10-17 13:17:50.565994
1576.346,3.17,1607.991,0.25,Zeta Markets,2023-10-17 13:17:50.565994
1576.2472,8.909,1611.991,0.31,Zeta Markets,2023-10-17 13:17:50.565994
1575.557,9.51,1615.991,0.38,Zeta Markets,2023-10-17 13:17:50.565994
1575.4586,23.758,1619.991,0.44,Zeta Markets,2023-10-17 13:17:50.565994
1573.98,12.68,2000.0,0.001,Zeta Markets,2023-10-17 13:17:50.565994
1572.403,15.85,2150.0,0.001,Zeta Markets,2023-10-17 13:17:50.565994
1552.701,0.19,2168.0,0.001,Zeta Markets,2023-10-17 13:17:50.565994
1544.938,0.25,,,Zeta Markets,2023-10-17 13:17:50.565994
1541.056,0.31,,,Zeta Markets,2023-10-17 13:17:50.565994
1537.174,0.38,,,Zeta Markets,2023-10-17 13:17:50.565994
1533.292,0.44,,,Zeta Markets,2023-10-17 13:17:50.565994
40.0,0.001,,,Zeta Markets,2023-10-17 13:17:50.565994
1572.9345,4.292,1572.9346,0.205,Zeta Markets,2023-10-17 14:12:50.214545
1572.8008,3.36,1573.092,1.365,Zeta Markets,2023-10-17 14:12:50.214545
1572.5928,8.819,1573.4066,3.412,Zeta Markets,2023-10-17 14:12:50.214545
1572.397,9.53,1574.1933,10.235,Zeta Markets,2023-10-17 14:12:50.214545
1571.8061,23.349,1574.98,27.292,Zeta Markets,2023-10-17 14:12:50.214545
1570.823,12.71,1596.782,0.19,Zeta Markets,2023-10-17 14:12:50.214545
1569.249,15.89,1604.766,0.25,Zeta Markets,2023-10-17 14:12:50.214545
1549.587,0.19,1608.758,0.31,Zeta Markets,2023-10-17 14:12:50.214545
1541.839,0.25,1612.75,0.38,Zeta Markets,2023-10-17 14:12:50.214545
1537.965,0.31,1616.742,0.44,Zeta Markets,2023-10-17 14:12:50.214545
1534.091,0.38,2000.0,0.001,Zeta Markets,2023-10-17 14:12:50.214545
1530.217,0.44,2150.0,0.001,Zeta Markets,2023-10-17 14:12:50.214545
40.0,0.001,2168.0,0.001,Zeta Markets,2023-10-17 14:12:50.214545
1574.9198,7.613,1574.9199,1.578,Zeta Markets,2023-10-17 15:14:37.521874
1574.691,9.52,1575.2002,3.431,Zeta Markets,2023-10-17 15:14:37.521874
1574.2988,8.74,1575.9877,10.292,Zeta Markets,2023-10-17 15:14:37.521874
1573.5112,22.018,1576.7752,27.444,Zeta Markets,2023-10-17 15:14:37.521874
1573.115,12.69,1598.628,0.19,Zeta Markets,2023-10-17 15:14:37.521874
1571.538,15.86,1606.621,0.25,Zeta Markets,2023-10-17 15:14:37.521874
1551.378,0.19,1610.618,0.31,Zeta Markets,2023-10-17 15:14:37.521874
1543.621,0.25,1614.615,0.38,Zeta Markets,2023-10-17 15:14:37.521874
1539.743,0.31,1618.611,0.44,Zeta Markets,2023-10-17 15:14:37.521874
1535.864,0.38,2000.0,0.001,Zeta Markets,2023-10-17 15:14:37.521874
1531.986,0.44,2150.0,0.001,Zeta Markets,2023-10-17 15:14:37.521874
40.0,0.001,2168.0,0.001,Zeta Markets,2023-10-17 15:14:37.521874
1576.924,1.346,1576.9241,4.826,Zeta Markets,2023-10-17 16:18:25.326056
1576.7045,2.891,1577.2457,10.34,Zeta Markets,2023-10-17 16:18:25.326056
1576.328,3.17,1578.0339,27.574,Zeta Markets,2023-10-17 16:18:25.326056
1575.9162,8.673,1599.973,0.19,Zeta Markets,2023-10-17 16:18:25.326056
1575.54,9.51,1607.973,0.25,Zeta Markets,2023-10-17 16:18:25.326056
1575.1278,20.883,1611.973,0.31,Zeta Markets,2023-10-17 16:18:25.326056
1573.962,12.68,1615.973,0.38,Zeta Markets,2023-10-17 16:18:25.326056
1572.385,15.85,1619.973,0.44,Zeta Markets,2023-10-17 16:18:25.326056
1552.684,0.19,2000.0,0.001,Zeta Markets,2023-10-17 16:18:25.326056
1544.92,0.25,2150.0,0.001,Zeta Markets,2023-10-17 16:18:25.326056
1541.038,0.31,2168.0,0.001,Zeta Markets,2023-10-17 16:18:25.326056
1537.157,0.38,,,Zeta Markets,2023-10-17 16:18:25.326056
1533.275,0.44,,,Zeta Markets,2023-10-17 16:18:25.326056
40.0,0.001,,,Zeta Markets,2023-10-17 16:18:25.326056
1572.709,0.404,1572.7091,15.928,Zeta Markets,2023-10-17 17:12:19.028532
1572.5439,0.173,1573.3523,27.845,Zeta Markets,2023-10-17 17:12:19.028532
1572.3867,1.15,1595.6,0.19,Zeta Markets,2023-10-17 17:12:19.028532
1572.0723,2.876,1603.578,0.25,Zeta Markets,2023-10-17 17:12:19.028532
1571.2862,8.627,1607.567,0.31,Zeta Markets,2023-10-17 17:12:19.028532
1570.5001,19.378,1611.556,0.38,Zeta Markets,2023-10-17 17:12:19.028532
1548.44,0.19,1615.545,0.44,Zeta Markets,2023-10-17 17:12:19.028532
1540.698,0.25,2000.0,0.001,Zeta Markets,2023-10-17 17:12:19.028532
1536.826,0.31,2150.0,0.001,Zeta Markets,2023-10-17 17:12:19.028532
1532.955,0.38,2168.0,0.001,Zeta Markets,2023-10-17 17:12:19.028532
1529.084,0.44,,,Zeta Markets,2023-10-17 17:12:19.028532
40.0,0.001,,,Zeta Markets,2023-10-17 17:12:19.028532
1568.8276,4.374,1568.8277,5.114,Zeta Markets,2023-10-17 18:18:54.506026
1568.59,3.18,1569.3425,10.509,Zeta Markets,2023-10-17 18:18:54.506026
1568.2468,8.598,1570.1267,28.023,Zeta Markets,2023-10-17 18:18:54.506026
1567.805,9.56,1592.119,0.19,Zeta Markets,2023-10-17 18:18:54.506026
1567.4622,17.582,1600.079,0.25,Zeta Markets,2023-10-17 18:18:54.506026
1566.236,12.75,1604.06,0.31,Zeta Markets,2023-10-17 18:18:54.506026
1564.666,15.93,1608.04,0.38,Zeta Markets,2023-10-17 18:18:54.506026
1545.061,0.19,1612.02,0.44,Zeta Markets,2023-10-17 18:18:54.506026
1537.336,0.25,2000.0,0.001,Zeta Markets,2023-10-17 18:18:54.506026
1533.473,0.31,2150.0,0.001,Zeta Markets,2023-10-17 18:18:54.506026
1529.61,0.38,2168.0,0.001,Zeta Markets,2023-10-17 18:18:54.506026
1525.748,0.44,,,Zeta Markets,2023-10-17 18:18:54.506026
40.0,0.001,,,Zeta Markets,2023-10-17 18:18:54.506026
1557.522,4.405,1557.5221,5.151,Zeta Markets,2023-10-17 19:11:02.059889
1557.0,3.21,1557.8308,10.585,Zeta Markets,2023-10-17 19:11:02.059889
1556.865,8.661,1558.6093,28.227,Zeta Markets,2023-10-17 19:11:02.059889
1556.221,9.63,1580.356,0.19,Zeta Markets,2023-10-17 19:11:02.059889
1556.0861,15.692,1588.257,0.25,Zeta Markets,2023-10-17 19:11:02.059889
1554.664,12.84,1592.208,0.32,Zeta Markets,2023-10-17 19:11:02.059889
1553.106,16.05,1596.159,0.38,Zeta Markets,2023-10-17 19:11:02.059889
1533.646,0.19,1600.11,0.44,Zeta Markets,2023-10-17 19:11:02.059889
1525.977,0.25,2000.0,0.001,Zeta Markets,2023-10-17 19:11:02.059889
1522.143,0.32,2150.0,0.001,Zeta Markets,2023-10-17 19:11:02.059889
1518.309,0.38,2168.0,0.001,Zeta Markets,2023-10-17 19:11:02.059889
1514.475,0.44,,,Zeta Markets,2023-10-17 19:11:02.059889
40.0,0.001,,,Zeta Markets,2023-10-17 19:11:02.059889
1562.7933,7.579,1562.7934,5.132,Zeta Markets,2023-10-17 20:14:28.130185
1562.7193,8.628,1563.5106,10.546,Zeta Markets,2023-10-17 20:14:28.130185
1562.549,9.59,1564.2919,28.122,Zeta Markets,2023-10-17 20:14:28.130185
1561.9376,13.836,1586.781,0.19,Zeta Markets,2023-10-17 20:14:28.130185
1560.985,12.79,1594.715,0.25,Zeta Markets,2023-10-17 20:14:28.130185
1560.3,0.01,1598.682,0.31,Zeta Markets,2023-10-17 20:14:28.130185
1559.421,15.99,1602.649,0.38,Zeta Markets,2023-10-17 20:14:28.130185
1558.6,0.01,1606.616,0.44,Zeta Markets,2023-10-17 20:14:28.130185
1556.6,0.01,2000.0,0.001,Zeta Markets,2023-10-17 20:14:28.130185
1539.881,0.19,2150.0,0.001,Zeta Markets,2023-10-17 20:14:28.130185
1532.182,0.25,2168.0,0.001,Zeta Markets,2023-10-17 20:14:28.130185
1528.332,0.31,,,Zeta Markets,2023-10-17 20:14:28.130185
1524.482,0.38,,,Zeta Markets,2023-10-17 20:14:28.130185
1520.633,0.44,,,Zeta Markets,2023-10-17 20:14:28.130185
40.0,0.001,,,Zeta Markets,2023-10-17 20:14:28.130185
1560.1138,25.835,1560.1139,0.211,Zeta Markets,2023-10-17 21:12:02.038322
1559.8554,11.953,1560.2056,1.408,Zeta Markets,2023-10-17 21:12:02.038322
1558.807,12.81,1560.5177,3.52,Zeta Markets,2023-10-17 21:12:02.038322
1557.245,16.01,1561.2979,10.56,Zeta Markets,2023-10-17 21:12:02.038322
1556.6,0.01,1562.0782,28.159,Zeta Markets,2023-10-17 21:12:02.038322
1538.058,0.19,1584.902,0.19,Zeta Markets,2023-10-17 21:12:02.038322
1530.368,0.25,1592.827,0.25,Zeta Markets,2023-10-17 21:12:02.038322
1526.522,0.32,1596.789,0.32,Zeta Markets,2023-10-17 21:12:02.038322
1522.677,0.38,1600.751,0.38,Zeta Markets,2023-10-17 21:12:02.038322
1518.832,0.44,1604.714,0.44,Zeta Markets,2023-10-17 21:12:02.038322
40.0,0.001,2000.0,0.001,Zeta Markets,2023-10-17 21:12:02.038322
,,2150.0,0.001,Zeta Markets,2023-10-17 21:12:02.038322
,,2168.0,0.001,Zeta Markets,2023-10-17 21:12:02.038322
1559.624,1.517,1559.6241,15.72,Zeta Markets,2023-10-17 22:12:54.348654
1559.487,3.2,1559.9151,28.196,Zeta Markets,2023-10-17 22:12:54.348654
1559.4184,2.884,1582.703,0.19,Zeta Markets,2023-10-17 22:12:54.348654
1558.707,9.61,1590.617,0.25,Zeta Markets,2023-10-17 22:12:54.348654
1558.6387,8.651,1594.574,0.32,Zeta Markets,2023-10-17 22:12:54.348654
1557.859,10.176,1598.53,0.38,Zeta Markets,2023-10-17 22:12:54.348654
1557.147,12.82,1602.487,0.44,Zeta Markets,2023-10-17 22:12:54.348654
1556.6,0.01,2000.0,0.001,Zeta Markets,2023-10-17 22:12:54.348654
1555.586,16.03,2150.0,0.001,Zeta Markets,2023-10-17 22:12:54.348654
1535.924,0.19,2168.0,0.001,Zeta Markets,2023-10-17 22:12:54.348654
1528.244,0.25,,,Zeta Markets,2023-10-17 22:12:54.348654
1524.404,0.32,,,Zeta Markets,2023-10-17 22:12:54.348654
1520.565,0.38,,,Zeta Markets,2023-10-17 22:12:54.348654
1516.725,0.44,,,Zeta Markets,2023-10-17 22:12:54.348654
40.0,0.001,,,Zeta Markets,2023-10-17 22:12:54.348654
0.0001,0.003,,,Zeta Markets,2023-10-17 22:12:54.348654
1561.7446,25.801,1561.7447,0.211,Zeta Markets,2023-10-17 23:13:06.331190
1561.722,10.369,1561.8997,1.406,Zeta Markets,2023-10-17 23:13:06.331190
1560.711,12.79,1562.2121,3.516,Zeta Markets,2023-10-17 23:13:06.331190
1559.147,15.99,1562.9932,10.547,Zeta Markets,2023-10-17 23:13:06.331190
1556.6,0.01,1563.7743,28.126,Zeta Markets,2023-10-17 23:13:06.331190
1539.611,0.19,1586.503,0.19,Zeta Markets,2023-10-17 23:13:06.331190
1531.913,0.25,1594.435,0.25,Zeta Markets,2023-10-17 23:13:06.331190
1528.064,0.31,1598.402,0.31,Zeta Markets,2023-10-17 23:13:06.331190
1524.215,0.38,1602.368,0.38,Zeta Markets,2023-10-17 23:13:06.331190
1520.366,0.44,1606.334,0.44,Zeta Markets,2023-10-17 23:13:06.331190
40.0,0.001,2000.0,0.001,Zeta Markets,2023-10-17 23:13:06.331190
,,2150.0,0.001,Zeta Markets,2023-10-17 23:13:06.331190
,,2168.0,0.001,Zeta Markets,2023-10-17 23:13:06.331190
1563.463,4.48,1563.4631,1.588,Zeta Markets,2023-10-18 01:00:31.798162
1563.002,3.19,1563.6157,3.452,Zeta Markets,2023-10-18 01:00:31.798162
1562.7893,8.816,1564.3975,10.355,Zeta Markets,2023-10-18 01:00:31.798162
1562.22,9.59,1565.1793,27.614,Zeta Markets,2023-10-18 01:00:31.798162
1562.0075,11.341,1586.448,0.19,Zeta Markets,2023-10-18 01:00:31.798162
1560.656,12.79,1594.38,0.25,Zeta Markets,2023-10-18 01:00:31.798162
1559.093,15.99,1598.346,0.31,Zeta Markets,2023-10-18 01:00:31.798162
1556.6,0.01,1602.312,0.38,Zeta Markets,2023-10-18 01:00:31.798162
1539.558,0.19,1606.278,0.44,Zeta Markets,2023-10-18 01:00:31.798162
1531.86,0.25,2000.0,0.001,Zeta Markets,2023-10-18 01:00:31.798162
1528.011,0.31,2150.0,0.001,Zeta Markets,2023-10-18 01:00:31.798162
1524.162,0.38,2168.0,0.001,Zeta Markets,2023-10-18 01:00:31.798162
1520.313,0.44,,,Zeta Markets,2023-10-18 01:00:31.798162
40.0,0.001,,,Zeta Markets,2023-10-18 01:00:31.798162
1567.42,1.54,1567.4201,5.022,Zeta Markets,2023-10-18 01:56:04.919892
1567.3247,2.935,1568.1674,10.321,Zeta Markets,2023-10-18 01:56:04.919892
1566.798,3.19,1568.951,27.523,Zeta Markets,2023-10-18 01:56:04.919892
1566.541,8.804,1590.3,0.19,Zeta Markets,2023-10-18 01:56:04.919892
1566.014,9.57,1598.252,0.25,Zeta Markets,2023-10-18 01:56:04.919892
1565.7573,11.745,1602.228,0.31,Zeta Markets,2023-10-18 01:56:04.919892
1564.447,12.76,1606.203,0.38,Zeta Markets,2023-10-18 01:56:04.919892
1562.879,15.95,1610.179,0.44,Zeta Markets,2023-10-18 01:56:04.919892
1556.6,0.01,2000.0,0.001,Zeta Markets,2023-10-18 01:56:04.919892
1543.296,0.19,2150.0,0.001,Zeta Markets,2023-10-18 01:56:04.919892
1535.58,0.25,2168.0,0.001,Zeta Markets,2023-10-18 01:56:04.919892
1531.722,0.31,,,Zeta Markets,2023-10-18 01:56:04.919892
1527.863,0.38,,,Zeta Markets,2023-10-18 01:56:04.919892
1524.005,0.44,,,Zeta Markets,2023-10-18 01:56:04.919892
40.0,0.001,,,Zeta Markets,2023-10-18 01:56:04.919892
1565.9943,4.482,1565.9944,1.582,Zeta Markets,2023-10-18 02:21:45.225400
1565.653,3.19,1566.27,3.44,Zeta Markets,2023-10-18 02:21:45.225400
1565.4649,8.819,1567.0531,10.32,Zeta Markets,2023-10-18 02:21:45.225400
1564.87,9.58,1567.8362,27.521,Zeta Markets,2023-10-18 02:21:45.225400
1564.6817,11.993,1589.139,0.19,Zeta Markets,2023-10-18 02:21:45.225400
1563.304,12.77,1597.084,0.25,Zeta Markets,2023-10-18 02:21:45.225400
1561.737,15.96,1601.057,0.31,Zeta Markets,2023-10-18 02:21:45.225400
1556.6,0.01,1605.03,0.38,Zeta Markets,2023-10-18 02:21:45.225400
1542.169,0.19,1609.003,0.44,Zeta Markets,2023-10-18 02:21:45.225400
1534.458,0.25,2000.0,0.001,Zeta Markets,2023-10-18 02:21:45.225400
1530.603,0.31,2150.0,0.001,Zeta Markets,2023-10-18 02:21:45.225400
1526.747,0.38,2168.0,0.001,Zeta Markets,2023-10-18 02:21:45.225400
1522.892,0.44,,,Zeta Markets,2023-10-18 02:21:45.225400
40.0,0.001,,,Zeta Markets,2023-10-18 02:21:45.225400
1564.851,4.491,1564.8511,1.582,Zeta Markets,2023-10-18 03:14:01.502637
1564.551,3.19,1565.1556,3.439,Zeta Markets,2023-10-18 03:14:01.502637
1564.204,8.837,1565.9382,10.317,Zeta Markets,2023-10-18 03:14:01.502637
1563.769,9.58,1566.7207,27.511,Zeta Markets,2023-10-18 03:14:01.502637
1563.4215,12.35,1588.02,0.19,Zeta Markets,2023-10-18 03:14:01.502637
1562.203,12.78,1595.96,0.25,Zeta Markets,2023-10-18 03:14:01.502637
1560.638,15.97,1599.93,0.31,Zeta Markets,2023-10-18 03:14:01.502637
1556.6,0.01,1603.9,0.38,Zeta Markets,2023-10-18 03:14:01.502637
1541.083,0.19,1607.87,0.44,Zeta Markets,2023-10-18 03:14:01.502637
1533.378,0.25,2000.0,0.001,Zeta Markets,2023-10-18 03:14:01.502637
1529.525,0.31,2150.0,0.001,Zeta Markets,2023-10-18 03:14:01.502637
1525.673,0.38,2168.0,0.001,Zeta Markets,2023-10-18 03:14:01.502637
1521.82,0.44,,,Zeta Markets,2023-10-18 03:14:01.502637
40.0,0.001,,,Zeta Markets,2023-10-18 03:14:01.502637
0.0001,0.003,,,Zeta Markets,2023-10-18 03:14:01.502637
1566.3849,4.493,1566.385,1.579,Zeta Markets,2023-10-18 04:16:24.597937
1566.022,3.19,1566.5242,3.432,Zeta Markets,2023-10-18 04:16:24.597937
1565.6879,8.839,1567.3074,10.297,Zeta Markets,2023-10-18 04:16:24.597937
1565.239,9.57,1568.0906,27.459,Zeta Markets,2023-10-18 04:16:24.597937
1564.9046,12.725,1589.514,0.19,Zeta Markets,2023-10-18 04:16:24.597937
1563.672,12.77,1597.461,0.25,Zeta Markets,2023-10-18 04:16:24.597937
1562.105,15.96,1601.435,0.31,Zeta Markets,2023-10-18 04:16:24.597937
1556.6,0.01,1605.409,0.38,Zeta Markets,2023-10-18 04:16:24.597937
1542.533,0.19,1609.383,0.44,Zeta Markets,2023-10-18 04:16:24.597937
1534.82,0.25,2000.0,0.001,Zeta Markets,2023-10-18 04:16:24.597937
1530.964,0.31,2150.0,0.001,Zeta Markets,2023-10-18 04:16:24.597937
1527.108,0.38,2168.0,0.001,Zeta Markets,2023-10-18 04:16:24.597937
1523.251,0.44,,,Zeta Markets,2023-10-18 04:16:24.597937
40.0,0.001,,,Zeta Markets,2023-10-18 04:16:24.597937
1570.494,0.176,1570.4941,4.997,Zeta Markets,2023-10-18 05:12:56.137106
1570.4118,1.176,1571.0377,10.27,Zeta Markets,2023-10-18 05:12:56.137106
1570.154,0.19,1571.8228,27.388,Zeta Markets,2023-10-18 05:12:56.137106
1570.0977,2.941,1593.069,0.19,Zeta Markets,2023-10-18 05:12:56.137106
1569.525,3.18,1601.034,0.25,Zeta Markets,2023-10-18 05:12:56.137106
1569.3127,8.821,1605.017,0.31,Zeta Markets,2023-10-18 05:12:56.137106
1568.74,9.55,1608.999,0.38,Zeta Markets,2023-10-18 05:12:56.137106
1568.5276,12.902,1612.982,0.44,Zeta Markets,2023-10-18 05:12:56.137106
1567.17,12.74,2000.0,0.001,Zeta Markets,2023-10-18 05:12:56.137106
1565.6,15.92,2150.0,0.001,Zeta Markets,2023-10-18 05:12:56.137106
1556.6,0.01,2168.0,0.001,Zeta Markets,2023-10-18 05:12:56.137106
1545.983,0.19,,,Zeta Markets,2023-10-18 05:12:56.137106
1538.253,0.25,,,Zeta Markets,2023-10-18 05:12:56.137106
1534.388,0.31,,,Zeta Markets,2023-10-18 05:12:56.137106
1530.523,0.38,,,Zeta Markets,2023-10-18 05:12:56.137106
1526.658,0.44,,,Zeta Markets,2023-10-18 05:12:56.137106
40.0,0.001,,,Zeta Markets,2023-10-18 05:12:56.137106
1573.64,4.282,1573.6401,1.572,Zeta Markets,2023-10-18 06:18:46.900239
1573.594,0.19,1573.7427,3.416,Zeta Markets,2023-10-18 06:18:46.900239
1572.965,3.17,1574.5295,10.249,Zeta Markets,2023-10-18 06:18:46.900239
1572.9262,8.8,1575.3164,27.331,Zeta Markets,2023-10-18 06:18:46.900239
1572.178,9.53,1596.56,0.19,Zeta Markets,2023-10-18 06:18:46.900239
1572.1394,12.928,1604.542,0.25,Zeta Markets,2023-10-18 06:18:46.900239
1570.604,12.71,1608.534,0.31,Zeta Markets,2023-10-18 06:18:46.900239
1569.03,15.89,1612.525,0.38,Zeta Markets,2023-10-18 06:18:46.900239
1556.6,0.01,1616.517,0.44,Zeta Markets,2023-10-18 06:18:46.900239
1549.371,0.19,2000.0,0.001,Zeta Markets,2023-10-18 06:18:46.900239
1541.624,0.25,2150.0,0.001,Zeta Markets,2023-10-18 06:18:46.900239
1537.75,0.31,2168.0,0.001,Zeta Markets,2023-10-18 06:18:46.900239
1533.877,0.38,,,Zeta Markets,2023-10-18 06:18:46.900239
1530.004,0.44,,,Zeta Markets,2023-10-18 06:18:46.900239
40.0,0.001,,,Zeta Markets,2023-10-18 06:18:46.900239
1568.5629,4.489,1568.563,0.206,Zeta Markets,2023-10-18 07:12:57.900270
1568.361,3.18,1568.7049,1.37,Zeta Markets,2023-10-18 07:12:57.900270
1568.1314,8.831,1569.0187,3.425,Zeta Markets,2023-10-18 07:12:57.900270
1567.577,9.56,1569.8032,10.275,Zeta Markets,2023-10-18 07:12:57.900270
1567.3469,12.979,1570.5876,27.4,Zeta Markets,2023-10-18 07:12:57.900270
1566.008,12.75,1591.887,0.19,Zeta Markets,2023-10-18 07:12:57.900270
1564.438,15.94,1599.847,0.25,Zeta Markets,2023-10-18 07:12:57.900270
1556.6,0.01,1603.826,0.31,Zeta Markets,2023-10-18 07:12:57.900270
1544.836,0.19,1607.806,0.38,Zeta Markets,2023-10-18 07:12:57.900270
1537.112,0.25,1611.786,0.44,Zeta Markets,2023-10-18 07:12:57.900270
1533.25,0.31,2000.0,0.001,Zeta Markets,2023-10-18 07:12:57.900270
1529.388,0.38,2150.0,0.001,Zeta Markets,2023-10-18 07:12:57.900270
1525.526,0.44,2168.0,0.001,Zeta Markets,2023-10-18 07:12:57.900270
40.0,0.001,,,Zeta Markets,2023-10-18 07:12:57.900270
1576.4333,4.469,1576.4334,0.204,Zeta Markets,2023-10-18 09:14:04.446525
1576.0545,8.791,1576.5911,1.363,Zeta Markets,2023-10-18 09:14:04.446525
1575.996,3.17,1576.9065,3.406,Zeta Markets,2023-10-18 09:14:04.446525
1575.2661,13.312,1577.6949,10.219,Zeta Markets,2023-10-18 09:14:04.446525
1575.207,9.51,1578.4834,27.251,Zeta Markets,2023-10-18 09:14:04.446525
1573.631,12.69,1599.634,0.19,Zeta Markets,2023-10-18 09:14:04.446525
1572.054,15.86,1607.632,0.25,Zeta Markets,2023-10-18 09:14:04.446525
1556.6,0.01,1611.631,0.31,Zeta Markets,2023-10-18 09:14:04.446525
1552.354,0.19,1615.63,0.38,Zeta Markets,2023-10-18 09:14:04.446525
1544.592,0.25,1619.629,0.44,Zeta Markets,2023-10-18 09:14:04.446525
1540.711,0.31,2000.0,0.001,Zeta Markets,2023-10-18 09:14:04.446525
1536.83,0.38,2150.0,0.001,Zeta Markets,2023-10-18 09:14:04.446525
1532.949,0.44,2168.0,0.001,Zeta Markets,2023-10-18 09:14:04.446525
40.0,0.001,,,Zeta Markets,2023-10-18 09:14:04.446525
1576.581,4.472,1576.5811,0.204,Zeta Markets,2023-10-18 10:14:38.088318
1576.2168,8.799,1576.7388,1.361,Zeta Markets,2023-10-18 10:14:38.088318
1576.063,3.17,1577.0542,3.404,Zeta Markets,2023-10-18 10:14:38.088318
1575.4283,13.578,1577.8427,10.21,Zeta Markets,2023-10-18 10:14:38.088318
1575.274,9.51,1578.6312,27.228,Zeta Markets,2023-10-18 10:14:38.088318
1573.698,12.68,1599.699,0.19,Zeta Markets,2023-10-18 10:14:38.088318
1572.121,15.86,1607.697,0.25,Zeta Markets,2023-10-18 10:14:38.088318
1556.6,0.01,1611.696,0.31,Zeta Markets,2023-10-18 10:14:38.088318
1552.417,0.19,1615.696,0.38,Zeta Markets,2023-10-18 10:14:38.088318
1544.655,0.25,1619.695,0.44,Zeta Markets,2023-10-18 10:14:38.088318
1540.774,0.31,2000.0,0.001,Zeta Markets,2023-10-18 10:14:38.088318
1536.893,0.38,2150.0,0.001,Zeta Markets,2023-10-18 10:14:38.088318
1533.012,0.44,2168.0,0.001,Zeta Markets,2023-10-18 10:14:38.088318
40.0,0.001,,,Zeta Markets,2023-10-18 10:14:38.088318
1579.015,4.28,1579.0151,1.562,Zeta Markets,2023-10-18 11:11:41.159701
1578.845,0.19,1579.3209,3.396,Zeta Markets,2023-10-18 11:11:41.159701
1578.51,8.794,1580.1106,10.188,Zeta Markets,2023-10-18 11:11:41.159701
1578.214,3.16,1580.9002,27.169,Zeta Markets,2023-10-18 11:11:41.159701
1577.7204,13.884,1601.887,0.19,Zeta Markets,2023-10-18 11:11:41.159701
1577.424,9.5,1609.897,0.25,Zeta Markets,2023-10-18 11:11:41.159701
1575.845,12.67,1613.901,0.31,Zeta Markets,2023-10-18 11:11:41.159701
1574.266,15.84,1617.906,0.38,Zeta Markets,2023-10-18 11:11:41.159701
1556.6,0.01,1621.911,0.44,Zeta Markets,2023-10-18 11:11:41.159701
1554.541,0.19,2000.0,0.001,Zeta Markets,2023-10-18 11:11:41.159701
1546.768,0.25,2150.0,0.001,Zeta Markets,2023-10-18 11:11:41.159701
1542.882,0.31,2168.0,0.001,Zeta Markets,2023-10-18 11:11:41.159701
1538.995,0.38,,,Zeta Markets,2023-10-18 11:11:41.159701
1535.109,0.44,,,Zeta Markets,2023-10-18 11:11:41.159701
40.0,0.001,,,Zeta Markets,2023-10-18 11:11:41.159701
1578.2448,4.286,1578.2449,0.204,Zeta Markets,2023-10-18 12:27:21.216396
1578.2081,0.19,1578.4027,1.358,Zeta Markets,2023-10-18 12:27:21.216396
1577.946,3.16,1578.7185,3.394,Zeta Markets,2023-10-18 12:27:21.216396
1577.8935,8.807,1579.5078,10.182,Zeta Markets,2023-10-18 12:27:21.216396
1577.157,9.5,1580.2972,27.151,Zeta Markets,2023-10-18 12:27:21.216396
1577.1042,14.216,1601.616,0.19,Zeta Markets,2023-10-18 12:27:21.216396
1575.578,12.67,1609.624,0.25,Zeta Markets,2023-10-18 12:27:21.216396
1574.0,15.84,1613.628,0.31,Zeta Markets,2023-10-18 12:27:21.216396
1556.6,0.01,1617.632,0.38,Zeta Markets,2023-10-18 12:27:21.216396
1554.278,0.19,1621.636,0.44,Zeta Markets,2023-10-18 12:27:21.216396
1546.506,0.25,2000.0,0.001,Zeta Markets,2023-10-18 12:27:21.216396
1542.621,0.31,2150.0,0.001,Zeta Markets,2023-10-18 12:27:21.216396
1538.735,0.38,2168.0,0.001,Zeta Markets,2023-10-18 12:27:21.216396
1534.849,0.44,,,Zeta Markets,2023-10-18 12:27:21.216396
40.0,0.001,,,Zeta Markets,2023-10-18 12:27:21.216396
1575.2107,4.49,1575.2108,0.204,Zeta Markets,2023-10-18 13:17:45.290077
1574.962,3.17,1575.3684,1.359,Zeta Markets,2023-10-18 13:17:45.290077
1574.831,8.836,1575.6835,3.397,Zeta Markets,2023-10-18 13:17:45.290077
1574.175,9.52,1576.4714,10.19,Zeta Markets,2023-10-18 13:17:45.290077
1574.0432,14.518,1577.2592,27.174,Zeta Markets,2023-10-18 13:17:45.290077
1572.599,12.69,1598.59,0.19,Zeta Markets,2023-10-18 13:17:45.290077
1571.023,15.87,1606.583,0.25,Zeta Markets,2023-10-18 13:17:45.290077
1556.6,0.01,1610.58,0.31,Zeta Markets,2023-10-18 13:17:45.290077
1551.341,0.19,1614.576,0.38,Zeta Markets,2023-10-18 13:17:45.290077
1543.585,0.25,1618.573,0.44,Zeta Markets,2023-10-18 13:17:45.290077
1539.706,0.31,2000.0,0.001,Zeta Markets,2023-10-18 13:17:45.290077
1535.828,0.38,2150.0,0.001,Zeta Markets,2023-10-18 13:17:45.290077
1531.949,0.44,2168.0,0.001,Zeta Markets,2023-10-18 13:17:45.290077
40.0,0.001,,,Zeta Markets,2023-10-18 13:17:45.290077
1571.3456,4.317,1571.3457,0.204,Zeta Markets,2023-10-18 14:13:02.120441
1570.9959,8.871,1571.5029,1.36,Zeta Markets,2023-10-18 14:13:02.120441
1570.21,14.882,1571.8172,3.401,Zeta Markets,2023-10-18 14:13:02.120441
1556.6,0.01,1572.6031,10.202,Zeta Markets,2023-10-18 14:13:02.120441
1510.161,0.19,1573.389,27.205,Zeta Markets,2023-10-18 14:13:02.120441
1449.144,3.18,1924.781,0.19,Zeta Markets,2023-10-18 14:13:02.120441
1372.873,9.54,2000.0,0.001,Zeta Markets,2023-10-18 14:13:02.120441
1220.332,12.72,2069.139,0.25,Zeta Markets,2023-10-18 14:13:02.120441
1217.718,0.19,2141.318,0.31,Zeta Markets,2023-10-18 14:13:02.120441
1126.389,0.25,2150.0,0.001,Zeta Markets,2023-10-18 14:13:02.120441
1080.725,0.31,2168.0,0.001,Zeta Markets,2023-10-18 14:13:02.120441
1067.79,15.91,2213.498,0.38,Zeta Markets,2023-10-18 14:13:02.120441
1035.06,0.38,2285.677,0.44,Zeta Markets,2023-10-18 14:13:02.120441
989.396,0.44,,,Zeta Markets,2023-10-18 14:13:02.120441
40.0,0.001,,,Zeta Markets,2023-10-18 14:13:02.120441
1571.658,4.511,1571.6581,0.204,Zeta Markets,2023-10-18 15:14:30.076007
1571.245,3.18,1571.7205,1.359,Zeta Markets,2023-10-18 15:14:30.076007
1571.1744,8.878,1572.0349,3.398,Zeta Markets,2023-10-18 15:14:30.076007
1570.459,9.54,1572.8209,10.193,Zeta Markets,2023-10-18 15:14:30.076007
1570.3884,15.138,1573.6069,27.181,Zeta Markets,2023-10-18 15:14:30.076007
1568.887,12.72,1594.815,0.19,Zeta Markets,2023-10-18 15:14:30.076007
1567.315,15.91,1602.789,0.25,Zeta Markets,2023-10-18 15:14:30.076007
1556.6,0.01,1606.776,0.31,Zeta Markets,2023-10-18 15:14:30.076007
1547.677,0.19,1610.763,0.38,Zeta Markets,2023-10-18 15:14:30.076007
1539.939,0.25,1614.75,0.44,Zeta Markets,2023-10-18 15:14:30.076007
1536.07,0.31,2000.0,0.001,Zeta Markets,2023-10-18 15:14:30.076007
1532.2,0.38,2150.0,0.001,Zeta Markets,2023-10-18 15:14:30.076007
1528.331,0.44,2168.0,0.001,Zeta Markets,2023-10-18 15:14:30.076007
40.0,0.001,,,Zeta Markets,2023-10-18 15:14:30.076007
1572.795,4.511,1572.7951,1.562,Zeta Markets,2023-10-18 16:18:33.855359
1572.396,3.17,1572.8946,3.394,Zeta Markets,2023-10-18 16:18:33.855359
1572.0572,8.877,1573.681,10.183,Zeta Markets,2023-10-18 16:18:33.855359
1571.609,9.53,1574.4675,27.155,Zeta Markets,2023-10-18 16:18:33.855359
1571.2707,15.299,1595.982,0.19,Zeta Markets,2023-10-18 16:18:33.855359
1570.036,12.71,1603.962,0.25,Zeta Markets,2023-10-18 16:18:33.855359
1568.463,15.89,1607.952,0.31,Zeta Markets,2023-10-18 16:18:33.855359
1556.6,0.01,1611.942,0.38,Zeta Markets,2023-10-18 16:18:33.855359
1548.81,0.19,1615.932,0.44,Zeta Markets,2023-10-18 16:18:33.855359
1541.066,0.25,2000.0,0.001,Zeta Markets,2023-10-18 16:18:33.855359
1537.194,0.31,2150.0,0.001,Zeta Markets,2023-10-18 16:18:33.855359
1533.322,0.38,2168.0,0.001,Zeta Markets,2023-10-18 16:18:33.855359
1529.45,0.44,,,Zeta Markets,2023-10-18 16:18:33.855359
40.0,0.001,,,Zeta Markets,2023-10-18 16:18:33.855359
1572.2265,4.522,1572.2266,1.559,Zeta Markets,2023-10-18 17:12:36.318846
1571.983,3.18,1572.3453,3.389,Zeta Markets,2023-10-18 17:12:36.318846
1571.4901,8.901,1573.1315,10.166,Zeta Markets,2023-10-18 17:12:36.318846
1571.197,9.54,1573.9176,27.11,Zeta Markets,2023-10-18 17:12:36.318846
1570.7039,15.974,1595.564,0.19,Zeta Markets,2023-10-18 17:12:36.318846
1569.624,12.72,1603.541,0.25,Zeta Markets,2023-10-18 17:12:36.318846
1568.051,15.9,1607.53,0.31,Zeta Markets,2023-10-18 17:12:36.318846
1556.6,0.01,1611.519,0.38,Zeta Markets,2023-10-18 17:12:36.318846
1548.404,0.19,1615.508,0.44,Zeta Markets,2023-10-18 17:12:36.318846
1540.662,0.25,2000.0,0.001,Zeta Markets,2023-10-18 17:12:36.318846
1536.791,0.31,2150.0,0.001,Zeta Markets,2023-10-18 17:12:36.318846
1532.92,0.38,2168.0,0.001,Zeta Markets,2023-10-18 17:12:36.318846
1529.049,0.44,,,Zeta Markets,2023-10-18 17:12:36.318846
40.0,0.001,,,Zeta Markets,2023-10-18 17:12:36.318846
0.0001,0.003,,,Zeta Markets,2023-10-18 17:12:36.318846
1570.8661,1.382,1570.8662,1.353,Zeta Markets,2023-10-18 18:18:38.097440
1570.8174,2.98,1570.9318,3.382,Zeta Markets,2023-10-18 18:18:38.097440
1570.293,3.18,1571.7173,10.144,Zeta Markets,2023-10-18 18:18:38.097440
1570.0319,8.941,1572.5027,27.052,Zeta Markets,2023-10-18 18:18:38.097440
1569.508,9.55,1593.848,0.19,Zeta Markets,2023-10-18 18:18:38.097440
1569.2465,16.984,1601.818,0.25,Zeta Markets,2023-10-18 18:18:38.097440
1567.937,12.73,1605.802,0.31,Zeta Markets,2023-10-18 18:18:38.097440
1566.366,15.92,1609.787,0.38,Zeta Markets,2023-10-18 18:18:38.097440
1556.6,0.01,1613.771,0.44,Zeta Markets,2023-10-18 18:18:38.097440
1546.739,0.19,2000.0,0.001,Zeta Markets,2023-10-18 18:18:38.097440
1539.006,0.25,2150.0,0.001,Zeta Markets,2023-10-18 18:18:38.097440
1535.139,0.31,2168.0,0.001,Zeta Markets,2023-10-18 18:18:38.097440
1531.272,0.38,,,Zeta Markets,2023-10-18 18:18:38.097440
1527.405,0.44,,,Zeta Markets,2023-10-18 18:18:38.097440
40.0,0.001,,,Zeta Markets,2023-10-18 18:18:38.097440
0.0001,0.003,,,Zeta Markets,2023-10-18 18:18:38.097440
1565.258,4.562,1565.2581,1.559,Zeta Markets,2023-10-18 19:11:43.763088
1564.819,3.19,1565.568,3.39,Zeta Markets,2023-10-18 19:11:43.763088
1564.7602,8.982,1566.3507,10.169,Zeta Markets,2023-10-18 19:11:43.763088
1564.036,9.58,1567.1335,27.118,Zeta Markets,2023-10-18 19:11:43.763088
1563.9774,17.194,1588.292,0.19,Zeta Markets,2023-10-18 19:11:43.763088
1562.471,12.78,1596.233,0.25,Zeta Markets,2023-10-18 19:11:43.763088
1560.905,15.97,1600.204,0.31,Zeta Markets,2023-10-18 19:11:43.763088
1556.6,0.01,1604.175,0.38,Zeta Markets,2023-10-18 19:11:43.763088
1541.347,0.19,1608.145,0.44,Zeta Markets,2023-10-18 19:11:43.763088
1533.64,0.25,2000.0,0.001,Zeta Markets,2023-10-18 19:11:43.763088
1529.787,0.31,2150.0,0.001,Zeta Markets,2023-10-18 19:11:43.763088
1525.934,0.38,2168.0,0.001,Zeta Markets,2023-10-18 19:11:43.763088
1522.08,0.44,,,Zeta Markets,2023-10-18 19:11:43.763088
40.0,0.001,,,Zeta Markets,2023-10-18 19:11:43.763088
1563.535,7.573,1563.5351,0.203,Zeta Markets,2023-10-18 20:14:11.867189
1563.5187,0.19,1563.6265,1.355,Zeta Markets,2023-10-18 20:14:11.867189
1563.0815,9.006,1563.9393,3.388,Zeta Markets,2023-10-18 20:14:11.867189
1562.753,9.59,1564.7212,10.165,Zeta Markets,2023-10-18 20:14:11.867189
1562.2995,17.649,1565.5032,27.107,Zeta Markets,2023-10-18 20:14:11.867189
1561.188,12.79,1586.988,0.19,Zeta Markets,2023-10-18 20:14:11.867189
1559.624,15.98,1594.923,0.25,Zeta Markets,2023-10-18 20:14:11.867189
1556.6,0.01,1598.891,0.31,Zeta Markets,2023-10-18 20:14:11.867189
1540.082,0.19,1602.858,0.38,Zeta Markets,2023-10-18 20:14:11.867189
1532.382,0.25,1606.826,0.44,Zeta Markets,2023-10-18 20:14:11.867189
1528.532,0.31,2000.0,0.001,Zeta Markets,2023-10-18 20:14:11.867189
1524.681,0.38,2150.0,0.001,Zeta Markets,2023-10-18 20:14:11.867189
1520.831,0.44,2168.0,0.001,Zeta Markets,2023-10-18 20:14:11.867189
40.0,0.001,,,Zeta Markets,2023-10-18 20:14:11.867189
1559.541,1.387,1559.5411,1.561,Zeta Markets,2023-10-18 21:11:59.022844
1559.5086,3.015,1559.5727,3.394,Zeta Markets,2023-10-18 21:11:59.022844
1559.494,0.19,1560.3525,10.18,Zeta Markets,2023-10-18 21:11:59.022844
1558.87,3.2,1561.1323,27.148,Zeta Markets,2023-10-18 21:11:59.022844
1558.7288,9.045,1582.253,0.19,Zeta Markets,2023-10-18 21:11:59.022844
1558.09,9.62,1590.164,0.25,Zeta Markets,2023-10-18 21:11:59.022844
1557.9491,18.0,1594.12,0.32,Zeta Markets,2023-10-18 21:11:59.022844
1556.6,0.01,1598.076,0.38,Zeta Markets,2023-10-18 21:11:59.022844
1556.53,12.82,1602.031,0.44,Zeta Markets,2023-10-18 21:11:59.022844
1554.971,16.03,2000.0,0.001,Zeta Markets,2023-10-18 21:11:59.022844
1535.487,0.19,2150.0,0.001,Zeta Markets,2023-10-18 21:11:59.022844
1527.81,0.25,2168.0,0.001,Zeta Markets,2023-10-18 21:11:59.022844
1523.971,0.32,,,Zeta Markets,2023-10-18 21:11:59.022844
1520.132,0.38,,,Zeta Markets,2023-10-18 21:11:59.022844
1516.293,0.44,,,Zeta Markets,2023-10-18 21:11:59.022844
40.0,0.001,,,Zeta Markets,2023-10-18 21:11:59.022844
1559.8846,4.475,1559.8847,0.201,Zeta Markets,2023-10-18 22:12:32.267238
1559.769,0.19,1560.0407,1.337,Zeta Markets,2023-10-18 22:12:32.267238
1559.4462,9.194,1560.3527,3.342,Zeta Markets,2023-10-18 22:12:32.267238
1558.6661,18.255,1561.1329,10.025,Zeta Markets,2023-10-18 22:12:32.267238
1558.521,3.2,1561.913,26.732,Zeta Markets,2023-10-18 22:12:32.267238
1556.961,9.61,1606.711,0.19,Zeta Markets,2023-10-18 22:12:32.267238
1553.841,12.82,1622.778,0.25,Zeta Markets,2023-10-18 22:12:32.267238
1550.72,16.02,1630.811,0.32,Zeta Markets,2023-10-18 22:12:32.267238
1513.116,0.19,1638.845,0.38,Zeta Markets,2023-10-18 22:12:32.267238
1497.985,0.25,1646.878,0.44,Zeta Markets,2023-10-18 22:12:32.267238
1490.419,0.32,2000.0,0.001,Zeta Markets,2023-10-18 22:12:32.267238
1482.853,0.38,2150.0,0.001,Zeta Markets,2023-10-18 22:12:32.267238
1475.288,0.44,2168.0,0.001,Zeta Markets,2023-10-18 22:12:32.267238
40.0,0.001,,,Zeta Markets,2023-10-18 22:12:32.267238
1563.045,4.663,1563.0451,0.2,Zeta Markets,2023-10-18 23:13:22.006545
1562.831,3.19,1563.1563,1.332,Zeta Markets,2023-10-18 23:13:22.006545
1562.6672,9.19,1563.469,3.33,Zeta Markets,2023-10-18 23:13:22.006545
1562.049,9.59,1564.2507,9.99,Zeta Markets,2023-10-18 23:13:22.006545
1561.8854,18.983,1565.0324,26.64,Zeta Markets,2023-10-18 23:13:22.006545
1560.485,12.79,1586.274,0.19,Zeta Markets,2023-10-18 23:13:22.006545
1558.922,15.99,1594.205,0.25,Zeta Markets,2023-10-18 23:13:22.006545
1539.389,0.19,1598.171,0.31,Zeta Markets,2023-10-18 23:13:22.006545
1531.692,0.25,1602.136,0.38,Zeta Markets,2023-10-18 23:13:22.006545
1527.843,0.31,1606.102,0.44,Zeta Markets,2023-10-18 23:13:22.006545
1523.995,0.38,2000.0,0.001,Zeta Markets,2023-10-18 23:13:22.006545
1520.146,0.44,2150.0,0.001,Zeta Markets,2023-10-18 23:13:22.006545
40.0,0.001,2168.0,0.001,Zeta Markets,2023-10-18 23:13:22.006545
1565.591,1.408,1565.5911,4.856,Zeta Markets,2023-10-19 01:00:13.617107
1565.588,0.19,1566.232,9.977,Zeta Markets,2023-10-19 01:00:13.617107
1565.348,3.06,1567.0147,26.604,Zeta Markets,2023-10-19 01:00:13.617107
1564.962,3.19,1588.437,0.19,Zeta Markets,2023-10-19 01:00:13.617107
1564.5653,9.18,1596.379,0.25,Zeta Markets,2023-10-19 01:00:13.617107
1564.179,9.58,1600.35,0.31,Zeta Markets,2023-10-19 01:00:13.617107
1563.7826,19.066,1604.321,0.38,Zeta Markets,2023-10-19 01:00:13.617107
1562.613,12.77,1608.292,0.44,Zeta Markets,2023-10-19 01:00:13.617107
1561.048,15.97,2000.0,0.001,Zeta Markets,2023-10-19 01:00:13.617107
1541.488,0.19,2150.0,0.001,Zeta Markets,2023-10-19 01:00:13.617107
1533.781,0.25,2168.0,0.001,Zeta Markets,2023-10-19 01:00:13.617107
1529.927,0.31,,,Zeta Markets,2023-10-19 01:00:13.617107
1526.073,0.38,,,Zeta Markets,2023-10-19 01:00:13.617107
1522.219,0.44,,,Zeta Markets,2023-10-19 01:00:13.617107
40.0,0.001,,,Zeta Markets,2023-10-19 01:00:13.617107
1548.3409,4.521,1548.341,0.202,Zeta Markets,2023-10-19 01:55:17.124849
1547.858,0.19,1548.4958,1.343,Zeta Markets,2023-10-19 01:55:17.124849
1547.6259,9.289,1548.8056,3.359,Zeta Markets,2023-10-19 01:55:17.124849
1546.8515,19.134,1549.5799,10.076,Zeta Markets,2023-10-19 01:55:17.124849
1546.62,3.23,1550.3542,26.868,Zeta Markets,2023-10-19 01:55:17.124849
1545.071,9.69,1594.294,0.19,Zeta Markets,2023-10-19 01:55:17.124849
1541.975,12.92,1610.237,0.25,Zeta Markets,2023-10-19 01:55:17.124849
1538.879,16.15,1618.208,0.32,Zeta Markets,2023-10-19 01:55:17.124849
1501.422,0.19,1626.18,0.38,Zeta Markets,2023-10-19 01:55:17.124849
1486.408,0.25,1634.151,0.45,Zeta Markets,2023-10-19 01:55:17.124849
1478.901,0.32,2000.0,0.001,Zeta Markets,2023-10-19 01:55:17.124849
