bid_price,bid_size,ask_price,ask_size,protocol_name,timestamp
26853.3612,0.268,26856.0474,0.072,Zeta Markets,2023-10-14 12:24:03.744864
26850.755,0.011,26861.4197,0.181,Zeta Markets,2023-10-14 12:24:03.744864
26840.013,0.186,26872.231,0.011,Zeta Markets,2023-10-14 12:24:03.744864
26839.784,0.574,26882.9088,0.543,Zeta Markets,2023-10-14 12:24:03.744864
26826.586,0.558,26882.979,0.186,Zeta Markets,2023-10-14 12:24:03.744864
26807.5504,1.216,26896.413,0.558,Zeta Markets,2023-10-14 12:24:03.744864
26799.733,0.558,26915.1424,0.843,Zeta Markets,2023-10-14 12:24:03.744864
26772.88,0.745,26923.283,0.558,Zeta Markets,2023-10-14 12:24:03.744864
26437.42,0.011,26950.153,0.745,Zeta Markets,2023-10-14 12:24:03.744864
26305.232,0.014,27242.62,0.011,Zeta Markets,2023-10-14 12:24:03.744864
26239.139,0.018,27378.833,0.014,Zeta Markets,2023-10-14 12:24:03.744864
26173.045,0.022,27446.94,0.018,Zeta Markets,2023-10-14 12:24:03.744864
26106.952,0.026,27515.046,0.022,Zeta Markets,2023-10-14 12:24:03.744864
20000.0,0.002,27583.153,0.026,Zeta Markets,2023-10-14 12:24:03.744864
26894.6049,0.28,26894.605,0.011,Zeta Markets,2023-10-14 13:14:26.143609
26892.554,0.011,26897.2952,0.072,Zeta Markets,2023-10-14 13:14:26.143609
26881.796,0.185,26902.6757,0.181,Zeta Markets,2023-10-14 13:14:26.143609
26880.7171,0.574,26914.063,0.011,Zeta Markets,2023-10-14 13:14:26.143609
26868.348,0.557,26924.1977,0.542,Zeta Markets,2023-10-14 13:14:26.143609
26848.4341,1.217,26924.828,0.185,Zeta Markets,2023-10-14 13:14:26.143609
26841.453,0.557,26938.284,0.557,Zeta Markets,2023-10-14 13:14:26.143609
26814.558,0.743,26956.4807,0.844,Zeta Markets,2023-10-14 13:14:26.143609
26478.575,0.011,26965.195,0.557,Zeta Markets,2023-10-14 13:14:26.143609
26346.182,0.014,26992.106,0.743,Zeta Markets,2023-10-14 13:14:26.143609
26279.986,0.018,27285.029,0.011,Zeta Markets,2023-10-14 13:14:26.143609
26213.79,0.022,27421.455,0.014,Zeta Markets,2023-10-14 13:14:26.143609
26147.593,0.026,27489.667,0.018,Zeta Markets,2023-10-14 13:14:26.143609
20000.0,0.002,27557.88,0.022,Zeta Markets,2023-10-14 13:14:26.143609
,,27626.092,0.026,Zeta Markets,2023-10-14 13:14:26.143609
26902.4681,0.279,26902.4682,0.011,Zeta Markets,2023-10-14 14:11:06.343546
26902.26,0.011,26905.1592,0.072,Zeta Markets,2023-10-14 14:11:06.343546
26891.498,0.185,26910.5413,0.181,Zeta Markets,2023-10-14 14:11:06.343546
26888.9286,0.573,26923.778,0.011,Zeta Markets,2023-10-14 14:11:06.343546
26878.046,0.557,26932.0697,0.542,Zeta Markets,2023-10-14 14:11:06.343546
26856.636,1.217,26934.546,0.185,Zeta Markets,2023-10-14 14:11:06.343546
26851.141,0.557,26948.007,0.557,Zeta Markets,2023-10-14 14:11:06.343546
26824.236,0.743,26964.3623,0.844,Zeta Markets,2023-10-14 14:11:06.343546
26488.132,0.011,26974.928,0.557,Zeta Markets,2023-10-14 14:11:06.343546
26355.692,0.014,27001.849,0.743,Zeta Markets,2023-10-14 14:11:06.343546
26289.471,0.018,27294.877,0.011,Zeta Markets,2023-10-14 14:11:06.343546
26223.251,0.022,27431.352,0.014,Zeta Markets,2023-10-14 14:11:06.343546
26157.031,0.026,27499.589,0.018,Zeta Markets,2023-10-14 14:11:06.343546
20000.0,0.002,27567.826,0.022,Zeta Markets,2023-10-14 14:11:06.343546
,,27636.063,0.026,Zeta Markets,2023-10-14 14:11:06.343546
26901.8093,0.279,26901.8094,0.011,Zeta Markets,2023-10-14 15:12:21.470266
26901.577,0.011,26904.5004,0.072,Zeta Markets,2023-10-14 15:12:21.470266
26890.816,0.185,26909.8823,0.181,Zeta Markets,2023-10-14 15:12:21.470266
26888.329,0.573,26923.094,0.011,Zeta Markets,2023-10-14 15:12:21.470266
26877.364,0.557,26931.4102,0.542,Zeta Markets,2023-10-14 15:12:21.470266
26856.0372,1.217,26933.863,0.185,Zeta Markets,2023-10-14 15:12:21.470266
26850.459,0.557,26947.323,0.557,Zeta Markets,2023-10-14 15:12:21.470266
26823.555,0.743,26963.7021,0.844,Zeta Markets,2023-10-14 15:12:21.470266
26487.46,0.011,26974.243,0.557,Zeta Markets,2023-10-14 15:12:21.470266
26355.023,0.014,27001.164,0.743,Zeta Markets,2023-10-14 15:12:21.470266
26288.804,0.018,27294.185,0.011,Zeta Markets,2023-10-14 15:12:21.470266
26222.586,0.022,27430.656,0.014,Zeta Markets,2023-10-14 15:12:21.470266
26156.367,0.026,27498.891,0.018,Zeta Markets,2023-10-14 15:12:21.470266
20000.0,0.002,27567.127,0.022,Zeta Markets,2023-10-14 15:12:21.470266
,,27635.362,0.026,Zeta Markets,2023-10-14 15:12:21.470266
26935.5182,0.267,26938.2127,0.072,Zeta Markets,2023-10-14 16:15:51.626783
26930.693,0.011,26943.6014,0.18,Zeta Markets,2023-10-14 16:15:51.626783
26924.277,0.185,26956.596,0.011,Zeta Markets,2023-10-14 16:15:51.626783
26921.5923,0.573,26965.1561,0.541,Zeta Markets,2023-10-14 16:15:51.626783
26910.808,0.557,26967.377,0.185,Zeta Markets,2023-10-14 16:15:51.626783
26889.2602,1.218,26980.854,0.557,Zeta Markets,2023-10-14 16:15:51.626783
26883.87,0.557,26997.4881,0.845,Zeta Markets,2023-10-14 16:15:51.626783
26856.933,0.742,27007.808,0.557,Zeta Markets,2023-10-14 16:15:51.626783
26520.419,0.011,27034.762,0.742,Zeta Markets,2023-10-14 16:15:51.626783
26387.817,0.014,27328.148,0.011,Zeta Markets,2023-10-14 16:15:51.626783
26321.516,0.018,27464.789,0.014,Zeta Markets,2023-10-14 16:15:51.626783
26255.215,0.022,27533.109,0.018,Zeta Markets,2023-10-14 16:15:51.626783
26188.914,0.025,27601.429,0.022,Zeta Markets,2023-10-14 16:15:51.626783
20000.0,0.002,27669.75,0.025,Zeta Markets,2023-10-14 16:15:51.626783
