bid_price,bid_size,ask_price,ask_size,protocol_name,timestamp
26853.3612,0.268,26856.0474,0.072,Zeta Markets,2023-10-14 12:24:03.744864
26850.755,0.011,26861.4197,0.181,Zeta Markets,2023-10-14 12:24:03.744864
26840.013,0.186,26872.231,0.011,Zeta Markets,2023-10-14 12:24:03.744864
26839.784,0.574,26882.9088,0.543,Zeta Markets,2023-10-14 12:24:03.744864
26826.586,0.558,26882.979,0.186,Zeta Markets,2023-10-14 12:24:03.744864
26807.5504,1.216,26896.413,0.558,Zeta Markets,2023-10-14 12:24:03.744864
26799.733,0.558,26915.1424,0.843,Zeta Markets,2023-10-14 12:24:03.744864
26772.88,0.745,26923.283,0.558,Zeta Markets,2023-10-14 12:24:03.744864
26437.42,0.011,26950.153,0.745,Zeta Markets,2023-10-14 12:24:03.744864
26305.232,0.014,27242.62,0.011,Zeta Markets,2023-10-14 12:24:03.744864
26239.139,0.018,27378.833,0.014,Zeta Markets,2023-10-14 12:24:03.744864
26173.045,0.022,27446.94,0.018,Zeta Markets,2023-10-14 12:24:03.744864
26106.952,0.026,27515.046,0.022,Zeta Markets,2023-10-14 12:24:03.744864
20000.0,0.002,27583.153,0.026,Zeta Markets,2023-10-14 12:24:03.744864
26894.6049,0.28,26894.605,0.011,Zeta Markets,2023-10-14 13:14:26.143609
26892.554,0.011,26897.2952,0.072,Zeta Markets,2023-10-14 13:14:26.143609
26881.796,0.185,26902.6757,0.181,Zeta Markets,2023-10-14 13:14:26.143609
26880.7171,0.574,26914.063,0.011,Zeta Markets,2023-10-14 13:14:26.143609
26868.348,0.557,26924.1977,0.542,Zeta Markets,2023-10-14 13:14:26.143609
26848.4341,1.217,26924.828,0.185,Zeta Markets,2023-10-14 13:14:26.143609
26841.453,0.557,26938.284,0.557,Zeta Markets,2023-10-14 13:14:26.143609
26814.558,0.743,26956.4807,0.844,Zeta Markets,2023-10-14 13:14:26.143609
26478.575,0.011,26965.195,0.557,Zeta Markets,2023-10-14 13:14:26.143609
26346.182,0.014,26992.106,0.743,Zeta Markets,2023-10-14 13:14:26.143609
26279.986,0.018,27285.029,0.011,Zeta Markets,2023-10-14 13:14:26.143609
26213.79,0.022,27421.455,0.014,Zeta Markets,2023-10-14 13:14:26.143609
26147.593,0.026,27489.667,0.018,Zeta Markets,2023-10-14 13:14:26.143609
20000.0,0.002,27557.88,0.022,Zeta Markets,2023-10-14 13:14:26.143609
,,27626.092,0.026,Zeta Markets,2023-10-14 13:14:26.143609
26902.4681,0.279,26902.4682,0.011,Zeta Markets,2023-10-14 14:11:06.343546
26902.26,0.011,26905.1592,0.072,Zeta Markets,2023-10-14 14:11:06.343546
26891.498,0.185,26910.5413,0.181,Zeta Markets,2023-10-14 14:11:06.343546
26888.9286,0.573,26923.778,0.011,Zeta Markets,2023-10-14 14:11:06.343546
26878.046,0.557,26932.0697,0.542,Zeta Markets,2023-10-14 14:11:06.343546
26856.636,1.217,26934.546,0.185,Zeta Markets,2023-10-14 14:11:06.343546
26851.141,0.557,26948.007,0.557,Zeta Markets,2023-10-14 14:11:06.343546
26824.236,0.743,26964.3623,0.844,Zeta Markets,2023-10-14 14:11:06.343546
26488.132,0.011,26974.928,0.557,Zeta Markets,2023-10-14 14:11:06.343546
26355.692,0.014,27001.849,0.743,Zeta Markets,2023-10-14 14:11:06.343546
26289.471,0.018,27294.877,0.011,Zeta Markets,2023-10-14 14:11:06.343546
26223.251,0.022,27431.352,0.014,Zeta Markets,2023-10-14 14:11:06.343546
26157.031,0.026,27499.589,0.018,Zeta Markets,2023-10-14 14:11:06.343546
20000.0,0.002,27567.826,0.022,Zeta Markets,2023-10-14 14:11:06.343546
,,27636.063,0.026,Zeta Markets,2023-10-14 14:11:06.343546
26901.8093,0.279,26901.8094,0.011,Zeta Markets,2023-10-14 15:12:21.470266
26901.577,0.011,26904.5004,0.072,Zeta Markets,2023-10-14 15:12:21.470266
26890.816,0.185,26909.8823,0.181,Zeta Markets,2023-10-14 15:12:21.470266
26888.329,0.573,26923.094,0.011,Zeta Markets,2023-10-14 15:12:21.470266
26877.364,0.557,26931.4102,0.542,Zeta Markets,2023-10-14 15:12:21.470266
26856.0372,1.217,26933.863,0.185,Zeta Markets,2023-10-14 15:12:21.470266
26850.459,0.557,26947.323,0.557,Zeta Markets,2023-10-14 15:12:21.470266
26823.555,0.743,26963.7021,0.844,Zeta Markets,2023-10-14 15:12:21.470266
26487.46,0.011,26974.243,0.557,Zeta Markets,2023-10-14 15:12:21.470266
26355.023,0.014,27001.164,0.743,Zeta Markets,2023-10-14 15:12:21.470266
26288.804,0.018,27294.185,0.011,Zeta Markets,2023-10-14 15:12:21.470266
26222.586,0.022,27430.656,0.014,Zeta Markets,2023-10-14 15:12:21.470266
26156.367,0.026,27498.891,0.018,Zeta Markets,2023-10-14 15:12:21.470266
20000.0,0.002,27567.127,0.022,Zeta Markets,2023-10-14 15:12:21.470266
,,27635.362,0.026,Zeta Markets,2023-10-14 15:12:21.470266
26935.5182,0.267,26938.2127,0.072,Zeta Markets,2023-10-14 16:15:51.626783
26930.693,0.011,26943.6014,0.18,Zeta Markets,2023-10-14 16:15:51.626783
26924.277,0.185,26956.596,0.011,Zeta Markets,2023-10-14 16:15:51.626783
26921.5923,0.573,26965.1561,0.541,Zeta Markets,2023-10-14 16:15:51.626783
26910.808,0.557,26967.377,0.185,Zeta Markets,2023-10-14 16:15:51.626783
26889.2602,1.218,26980.854,0.557,Zeta Markets,2023-10-14 16:15:51.626783
26883.87,0.557,26997.4881,0.845,Zeta Markets,2023-10-14 16:15:51.626783
26856.933,0.742,27007.808,0.557,Zeta Markets,2023-10-14 16:15:51.626783
26520.419,0.011,27034.762,0.742,Zeta Markets,2023-10-14 16:15:51.626783
26387.817,0.014,27328.148,0.011,Zeta Markets,2023-10-14 16:15:51.626783
26321.516,0.018,27464.789,0.014,Zeta Markets,2023-10-14 16:15:51.626783
26255.215,0.022,27533.109,0.018,Zeta Markets,2023-10-14 16:15:51.626783
26188.914,0.025,27601.429,0.022,Zeta Markets,2023-10-14 16:15:51.626783
20000.0,0.002,27669.75,0.025,Zeta Markets,2023-10-14 16:15:51.626783
26923.9626,0.279,26923.9627,0.011,Zeta Markets,2023-10-14 17:10:54.973643
26919.106,0.011,26926.6559,0.072,Zeta Markets,2023-10-14 17:10:54.973643
26910.493,0.573,26932.0423,0.181,Zeta Markets,2023-10-14 17:10:54.973643
26908.337,0.185,26953.588,0.541,Zeta Markets,2023-10-14 17:10:54.973643
26894.876,0.557,26985.9064,0.845,Zeta Markets,2023-10-14 17:10:54.973643
26878.1745,1.218,27311.969,0.011,Zeta Markets,2023-10-14 17:10:54.973643
26867.954,0.557,27448.529,0.014,Zeta Markets,2023-10-14 17:10:54.973643
26841.032,0.743,27516.809,0.018,Zeta Markets,2023-10-14 17:10:54.973643
26504.718,0.011,27585.088,0.022,Zeta Markets,2023-10-14 17:10:54.973643
26372.195,0.014,27653.368,0.026,Zeta Markets,2023-10-14 17:10:54.973643
26305.933,0.018,,,Zeta Markets,2023-10-14 17:10:54.973643
26239.671,0.022,,,Zeta Markets,2023-10-14 17:10:54.973643
26173.409,0.026,,,Zeta Markets,2023-10-14 17:10:54.973643
20000.0,0.002,,,Zeta Markets,2023-10-14 17:10:54.973643
26874.6192,0.28,26874.6193,0.011,Zeta Markets,2023-10-14 18:16:24.607650
26873.712,0.011,26877.3076,0.072,Zeta Markets,2023-10-14 18:16:24.607650
26862.962,0.186,26882.6841,0.181,Zeta Markets,2023-10-14 18:16:24.607650
26861.124,0.574,26904.1903,0.542,Zeta Markets,2023-10-14 18:16:24.607650
26849.524,0.558,26936.4494,0.843,Zeta Markets,2023-10-14 18:16:24.607650
26828.8648,1.216,27265.913,0.011,Zeta Markets,2023-10-14 18:16:24.607650
26822.647,0.558,27402.243,0.014,Zeta Markets,2023-10-14 18:16:24.607650
26795.771,0.744,27470.407,0.018,Zeta Markets,2023-10-14 18:16:24.607650
26460.024,0.011,27538.572,0.022,Zeta Markets,2023-10-14 18:16:24.607650
26327.724,0.014,27606.737,0.026,Zeta Markets,2023-10-14 18:16:24.607650
26261.574,0.018,,,Zeta Markets,2023-10-14 18:16:24.607650
26195.424,0.022,,,Zeta Markets,2023-10-14 18:16:24.607650
26129.274,0.026,,,Zeta Markets,2023-10-14 18:16:24.607650
20000.0,0.002,,,Zeta Markets,2023-10-14 18:16:24.607650
26870.3584,0.28,26870.3585,0.011,Zeta Markets,2023-10-14 19:10:13.860967
26866.568,0.011,26873.0464,0.072,Zeta Markets,2023-10-14 19:10:13.860967
26856.8325,0.574,26878.422,0.181,Zeta Markets,2023-10-14 19:10:13.860967
26855.82,0.186,26899.9247,0.543,Zeta Markets,2023-10-14 19:10:13.860967
26842.385,0.558,26932.1788,0.843,Zeta Markets,2023-10-14 19:10:13.860967
26824.5785,1.216,27258.664,0.011,Zeta Markets,2023-10-14 19:10:13.860967
26815.516,0.558,27394.957,0.014,Zeta Markets,2023-10-14 19:10:13.860967
26788.647,0.744,27463.104,0.018,Zeta Markets,2023-10-14 19:10:13.860967
26452.989,0.011,27531.251,0.022,Zeta Markets,2023-10-14 19:10:13.860967
26320.724,0.014,27599.397,0.026,Zeta Markets,2023-10-14 19:10:13.860967
26254.592,0.018,,,Zeta Markets,2023-10-14 19:10:13.860967
26188.459,0.022,,,Zeta Markets,2023-10-14 19:10:13.860967
26122.327,0.026,,,Zeta Markets,2023-10-14 19:10:13.860967
20000.0,0.002,,,Zeta Markets,2023-10-14 19:10:13.860967
26865.1873,0.28,26865.1874,0.011,Zeta Markets,2023-10-14 20:13:00.126857
26856.56,0.011,26867.8747,0.072,Zeta Markets,2023-10-14 20:13:00.126857
26851.114,0.574,26873.2493,0.181,Zeta Markets,2023-10-14 20:13:00.126857
26845.817,0.186,26894.7476,0.543,Zeta Markets,2023-10-14 20:13:00.126857
26832.387,0.558,26926.9951,0.843,Zeta Markets,2023-10-14 20:13:00.126857
26818.8665,1.216,27248.511,0.011,Zeta Markets,2023-10-14 20:13:00.126857
26805.528,0.558,27384.753,0.014,Zeta Markets,2023-10-14 20:13:00.126857
26778.669,0.744,27452.875,0.018,Zeta Markets,2023-10-14 20:13:00.126857
26443.136,0.011,27520.996,0.022,Zeta Markets,2023-10-14 20:13:00.126857
26310.92,0.014,27589.117,0.026,Zeta Markets,2023-10-14 20:13:00.126857
26244.812,0.018,,,Zeta Markets,2023-10-14 20:13:00.126857
26178.705,0.022,,,Zeta Markets,2023-10-14 20:13:00.126857
26112.597,0.026,,,Zeta Markets,2023-10-14 20:13:00.126857
20000.0,0.002,,,Zeta Markets,2023-10-14 20:13:00.126857
26876.6324,0.28,26876.6325,0.011,Zeta Markets,2023-10-14 21:10:58.442936
26870.749,0.011,26879.3209,0.072,Zeta Markets,2023-10-14 21:10:58.442936
26862.309,0.574,26884.6978,0.181,Zeta Markets,2023-10-14 21:10:58.442936
26860.0,0.186,26906.2052,0.542,Zeta Markets,2023-10-14 21:10:58.442936
26846.563,0.558,26938.4663,0.843,Zeta Markets,2023-10-14 21:10:58.442936
26830.0479,1.216,27262.907,0.011,Zeta Markets,2023-10-14 21:10:58.442936
26819.69,0.558,27399.221,0.014,Zeta Markets,2023-10-14 21:10:58.442936
26792.816,0.744,27467.379,0.018,Zeta Markets,2023-10-14 21:10:58.442936
26457.107,0.011,27535.536,0.022,Zeta Markets,2023-10-14 21:10:58.442936
26324.821,0.014,27603.693,0.026,Zeta Markets,2023-10-14 21:10:58.442936
26258.678,0.018,,,Zeta Markets,2023-10-14 21:10:58.442936
26192.536,0.022,,,Zeta Markets,2023-10-14 21:10:58.442936
26126.393,0.026,,,Zeta Markets,2023-10-14 21:10:58.442936
20000.0,0.002,,,Zeta Markets,2023-10-14 21:10:58.442936
0.0001,0.003,,,Zeta Markets,2023-10-14 21:10:58.442936
26830.4512,0.281,26830.4513,0.011,Zeta Markets,2023-10-14 22:11:43.527824
26825.923,0.011,26833.1352,0.072,Zeta Markets,2023-10-14 22:11:43.527824
26816.3557,0.576,26838.5028,0.181,Zeta Markets,2023-10-14 22:11:43.527824
26815.192,0.186,26859.9733,0.543,Zeta Markets,2023-10-14 22:11:43.527824
26801.777,0.559,26892.1791,0.833,Zeta Markets,2023-10-14 22:11:43.527824
26784.1499,1.224,27217.426,0.011,Zeta Markets,2023-10-14 22:11:43.527824
26774.949,0.559,27353.514,0.014,Zeta Markets,2023-10-14 22:11:43.527824
26748.12,0.745,27421.557,0.018,Zeta Markets,2023-10-14 22:11:43.527824
26412.97,0.011,27489.601,0.022,Zeta Markets,2023-10-14 22:11:43.527824
26280.906,0.014,27557.644,0.026,Zeta Markets,2023-10-14 22:11:43.527824
26214.873,0.018,,,Zeta Markets,2023-10-14 22:11:43.527824
26148.841,0.022,,,Zeta Markets,2023-10-14 22:11:43.527824
26082.808,0.026,,,Zeta Markets,2023-10-14 22:11:43.527824
20000.0,0.002,,,Zeta Markets,2023-10-14 22:11:43.527824
26866.5116,0.281,26866.5117,0.011,Zeta Markets,2023-10-14 23:12:26.699284
26863.262,0.011,26869.1992,0.072,Zeta Markets,2023-10-14 23:12:26.699284
26853.0349,0.575,26874.5741,0.181,Zeta Markets,2023-10-14 23:12:26.699284
26852.516,0.186,26896.0738,0.542,Zeta Markets,2023-10-14 23:12:26.699284
26839.083,0.558,26928.3232,0.834,Zeta Markets,2023-10-14 23:12:26.699284
26820.7854,1.225,27255.31,0.011,Zeta Markets,2023-10-14 23:12:26.699284
26812.217,0.558,27391.586,0.014,Zeta Markets,2023-10-14 23:12:26.699284
26785.351,0.744,27459.724,0.018,Zeta Markets,2023-10-14 23:12:26.699284
26449.734,0.011,27527.863,0.022,Zeta Markets,2023-10-14 23:12:26.699284
26317.485,0.014,27596.001,0.026,Zeta Markets,2023-10-14 23:12:26.699284
26251.361,0.018,,,Zeta Markets,2023-10-14 23:12:26.699284
26185.237,0.022,,,Zeta Markets,2023-10-14 23:12:26.699284
26119.112,0.026,,,Zeta Markets,2023-10-14 23:12:26.699284
20000.0,0.002,,,Zeta Markets,2023-10-14 23:12:26.699284
0.0001,0.003,,,Zeta Markets,2023-10-14 23:12:26.699284
26850.2565,0.281,26850.2566,0.011,Zeta Markets,2023-10-15 01:04:27.390652
26847.401,0.011,26852.9424,0.072,Zeta Markets,2023-10-15 01:04:27.390652
26836.7848,0.576,26858.3141,0.18,Zeta Markets,2023-10-15 01:04:27.390652
26836.661,0.186,26879.8007,0.541,Zeta Markets,2023-10-15 01:04:27.390652
26823.236,0.558,26912.0306,0.823,Zeta Markets,2023-10-15 01:04:27.390652
26804.5548,1.235,27239.218,0.011,Zeta Markets,2023-10-15 01:04:27.390652
26796.386,0.558,27375.414,0.014,Zeta Markets,2023-10-15 01:04:27.390652
26769.536,0.745,27443.512,0.018,Zeta Markets,2023-10-15 01:04:27.390652
26434.118,0.011,27511.61,0.022,Zeta Markets,2023-10-15 01:04:27.390652
26301.947,0.014,27579.708,0.026,Zeta Markets,2023-10-15 01:04:27.390652
26235.862,0.018,,,Zeta Markets,2023-10-15 01:04:27.390652
26169.776,0.022,,,Zeta Markets,2023-10-15 01:04:27.390652
26103.691,0.026,,,Zeta Markets,2023-10-15 01:04:27.390652
20000.0,0.002,,,Zeta Markets,2023-10-15 01:04:27.390652
0.0001,0.003,,,Zeta Markets,2023-10-15 01:04:27.390652
26878.3931,0.281,26878.3932,0.011,Zeta Markets,2023-10-15 02:22:44.054376
26870.733,0.011,26881.0818,0.072,Zeta Markets,2023-10-15 02:22:44.054376
26864.7992,0.576,26886.4591,0.18,Zeta Markets,2023-10-15 02:22:44.054376
26859.983,0.186,26907.9682,0.541,Zeta Markets,2023-10-15 02:22:44.054376
26846.547,0.558,26940.2319,0.824,Zeta Markets,2023-10-15 02:22:44.054376
26832.5356,1.236,27262.888,0.011,Zeta Markets,2023-10-15 02:22:44.054376
26819.673,0.558,27399.203,0.014,Zeta Markets,2023-10-15 02:22:44.054376
26792.8,0.744,27467.36,0.018,Zeta Markets,2023-10-15 02:22:44.054376
26457.089,0.011,27535.517,0.022,Zeta Markets,2023-10-15 02:22:44.054376
26324.803,0.014,27603.674,0.026,Zeta Markets,2023-10-15 02:22:44.054376
26258.66,0.018,,,Zeta Markets,2023-10-15 02:22:44.054376
26192.518,0.022,,,Zeta Markets,2023-10-15 02:22:44.054376
26126.375,0.026,,,Zeta Markets,2023-10-15 02:22:44.054376
20000.0,0.002,,,Zeta Markets,2023-10-15 02:22:44.054376
26894.3507,0.269,26897.041,0.072,Zeta Markets,2023-10-15 03:13:45.345508
26887.733,0.011,26902.4214,0.18,Zeta Markets,2023-10-15 03:13:45.345508
26880.0969,0.575,26923.9431,0.54,Zeta Markets,2023-10-15 03:13:45.345508
26876.977,0.186,26956.2255,0.824,Zeta Markets,2023-10-15 03:13:45.345508
26863.532,0.558,27280.139,0.011,Zeta Markets,2023-10-15 03:13:45.345508
26847.8144,1.237,27416.539,0.014,Zeta Markets,2023-10-15 03:13:45.345508
26836.642,0.558,27484.74,0.018,Zeta Markets,2023-10-15 03:13:45.345508
26809.751,0.744,27552.94,0.022,Zeta Markets,2023-10-15 03:13:45.345508
26473.829,0.011,27621.14,0.026,Zeta Markets,2023-10-15 03:13:45.345508
26341.46,0.014,,,Zeta Markets,2023-10-15 03:13:45.345508
26275.275,0.018,,,Zeta Markets,2023-10-15 03:13:45.345508
26209.091,0.022,,,Zeta Markets,2023-10-15 03:13:45.345508
26142.906,0.026,,,Zeta Markets,2023-10-15 03:13:45.345508
20000.0,0.002,,,Zeta Markets,2023-10-15 03:13:45.345508
0.0001,0.003,,,Zeta Markets,2023-10-15 03:13:45.345508
26888.3973,0.281,26888.3974,0.011,Zeta Markets,2023-10-15 04:15:26.634105
26881.632,0.011,26891.0871,0.072,Zeta Markets,2023-10-15 04:15:26.634105
26874.861,0.575,26896.4664,0.18,Zeta Markets,2023-10-15 04:15:26.634105
26870.879,0.186,26917.9835,0.54,Zeta Markets,2023-10-15 04:15:26.634105
26857.437,0.558,26950.2592,0.822,Zeta Markets,2023-10-15 04:15:26.634105
26842.5853,1.238,27273.949,0.011,Zeta Markets,2023-10-15 04:15:26.634105
26830.552,0.558,27410.318,0.014,Zeta Markets,2023-10-15 04:15:26.634105
26803.668,0.744,27478.503,0.018,Zeta Markets,2023-10-15 04:15:26.634105
26467.822,0.011,27546.688,0.022,Zeta Markets,2023-10-15 04:15:26.634105
26335.483,0.014,27614.873,0.026,Zeta Markets,2023-10-15 04:15:26.634105
26269.313,0.018,,,Zeta Markets,2023-10-15 04:15:26.634105
26203.144,0.022,,,Zeta Markets,2023-10-15 04:15:26.634105
26136.974,0.026,,,Zeta Markets,2023-10-15 04:15:26.634105
20000.0,0.002,,,Zeta Markets,2023-10-15 04:15:26.634105
0.0001,0.003,,,Zeta Markets,2023-10-15 04:15:26.634105
26885.8217,0.281,26885.8218,0.011,Zeta Markets,2023-10-15 05:12:13.226952
26877.677,0.011,26888.5112,0.072,Zeta Markets,2023-10-15 05:12:13.226952
26872.3608,0.575,26893.8899,0.18,Zeta Markets,2023-10-15 05:12:13.226952
26866.925,0.186,26915.405,0.541,Zeta Markets,2023-10-15 05:12:13.226952
26853.485,0.558,26947.6777,0.829,Zeta Markets,2023-10-15 05:12:13.226952
26840.0881,1.231,27269.936,0.011,Zeta Markets,2023-10-15 05:12:13.226952
26826.605,0.558,27406.286,0.014,Zeta Markets,2023-10-15 05:12:13.226952
26799.724,0.744,27474.46,0.018,Zeta Markets,2023-10-15 05:12:13.226952
26463.928,0.011,27542.635,0.022,Zeta Markets,2023-10-15 05:12:13.226952
26331.608,0.014,27610.81,0.026,Zeta Markets,2023-10-15 05:12:13.226952
26265.448,0.018,,,Zeta Markets,2023-10-15 05:12:13.226952
26199.289,0.022,,,Zeta Markets,2023-10-15 05:12:13.226952
26133.129,0.026,,,Zeta Markets,2023-10-15 05:12:13.226952
20000.0,0.002,,,Zeta Markets,2023-10-15 05:12:13.226952
26879.1573,0.281,26879.1574,0.011,Zeta Markets,2023-10-15 06:17:13.044626
26876.426,0.011,26881.8461,0.072,Zeta Markets,2023-10-15 06:17:13.044626
26865.674,0.186,26887.2235,0.18,Zeta Markets,2023-10-15 06:17:13.044626
26865.4435,0.575,26908.7332,0.541,Zeta Markets,2023-10-15 06:17:13.044626
26852.235,0.558,26940.9977,0.828,Zeta Markets,2023-10-15 06:17:13.044626
26833.179,1.232,27268.666,0.011,Zeta Markets,2023-10-15 06:17:13.044626
26825.356,0.558,27405.009,0.014,Zeta Markets,2023-10-15 06:17:13.044626
26798.476,0.744,27473.181,0.018,Zeta Markets,2023-10-15 06:17:13.044626
26462.696,0.011,27541.353,0.022,Zeta Markets,2023-10-15 06:17:13.044626
26330.382,0.014,27609.524,0.026,Zeta Markets,2023-10-15 06:17:13.044626
26264.225,0.018,,,Zeta Markets,2023-10-15 06:17:13.044626
26198.069,0.022,,,Zeta Markets,2023-10-15 06:17:13.044626
26131.912,0.026,,,Zeta Markets,2023-10-15 06:17:13.044626
20000.0,0.002,,,Zeta Markets,2023-10-15 06:17:13.044626
0.0001,0.003,,,Zeta Markets,2023-10-15 06:17:13.044626
26882.7422,0.281,26882.7423,0.011,Zeta Markets,2023-10-15 07:11:29.550682
26879.266,0.011,26885.4314,0.072,Zeta Markets,2023-10-15 07:11:29.550682
26869.0916,0.575,26890.8095,0.18,Zeta Markets,2023-10-15 07:11:29.550682
26868.513,0.186,26912.3221,0.541,Zeta Markets,2023-10-15 07:11:29.550682
26855.072,0.558,26944.5909,0.824,Zeta Markets,2023-10-15 07:11:29.550682
26836.8228,1.236,27271.548,0.011,Zeta Markets,2023-10-15 07:11:29.550682
26828.19,0.558,27407.905,0.014,Zeta Markets,2023-10-15 07:11:29.550682
26801.308,0.744,27476.084,0.018,Zeta Markets,2023-10-15 07:11:29.550682
26465.492,0.011,27544.263,0.022,Zeta Markets,2023-10-15 07:11:29.550682
26333.165,0.014,27612.442,0.026,Zeta Markets,2023-10-15 07:11:29.550682
26267.001,0.018,,,Zeta Markets,2023-10-15 07:11:29.550682
26200.837,0.022,,,Zeta Markets,2023-10-15 07:11:29.550682
26134.673,0.026,,,Zeta Markets,2023-10-15 07:11:29.550682
20000.0,0.002,,,Zeta Markets,2023-10-15 07:11:29.550682
26888.2515,0.281,26888.2516,0.011,Zeta Markets,2023-10-15 08:15:43.541014
26885.283,0.011,26890.9412,0.072,Zeta Markets,2023-10-15 08:15:43.541014
26874.7877,0.575,26896.3204,0.18,Zeta Markets,2023-10-15 08:15:43.541014
26874.528,0.186,26917.8375,0.541,Zeta Markets,2023-10-15 08:15:43.541014
26861.084,0.558,26950.1131,0.824,Zeta Markets,2023-10-15 08:15:43.541014
26842.5121,1.236,27277.653,0.011,Zeta Markets,2023-10-15 08:15:43.541014
26834.196,0.558,27414.042,0.014,Zeta Markets,2023-10-15 08:15:43.541014
26807.308,0.744,27482.236,0.018,Zeta Markets,2023-10-15 08:15:43.541014
26471.417,0.011,27550.43,0.022,Zeta Markets,2023-10-15 08:15:43.541014
26339.06,0.014,27618.624,0.026,Zeta Markets,2023-10-15 08:15:43.541014
26272.882,0.018,,,Zeta Markets,2023-10-15 08:15:43.541014
26206.703,0.022,,,Zeta Markets,2023-10-15 08:15:43.541014
26140.524,0.026,,,Zeta Markets,2023-10-15 08:15:43.541014
20000.0,0.002,,,Zeta Markets,2023-10-15 08:15:43.541014
0.0001,0.003,,,Zeta Markets,2023-10-15 08:15:43.541014
26920.5411,0.281,26920.5412,0.011,Zeta Markets,2023-10-15 09:12:10.085074
26917.361,0.011,26923.234,0.072,Zeta Markets,2023-10-15 09:12:10.085074
26907.0289,0.575,26928.6198,0.18,Zeta Markets,2023-10-15 09:12:10.085074
26906.593,0.185,26950.1626,0.54,Zeta Markets,2023-10-15 09:12:10.085074
26893.133,0.557,26982.4769,0.825,Zeta Markets,2023-10-15 09:12:10.085074
26874.7146,1.237,27310.199,0.011,Zeta Markets,2023-10-15 09:12:10.085074
26866.213,0.557,27446.75,0.014,Zeta Markets,2023-10-15 09:12:10.085074
26839.293,0.743,27515.025,0.018,Zeta Markets,2023-10-15 09:12:10.085074
26503.001,0.011,27583.301,0.022,Zeta Markets,2023-10-15 09:12:10.085074
26370.486,0.014,27651.576,0.026,Zeta Markets,2023-10-15 09:12:10.085074
26304.228,0.018,,,Zeta Markets,2023-10-15 09:12:10.085074
26237.971,0.022,,,Zeta Markets,2023-10-15 09:12:10.085074
26171.713,0.026,,,Zeta Markets,2023-10-15 09:12:10.085074
20000.0,0.002,,,Zeta Markets,2023-10-15 09:12:10.085074
26900.479,0.269,26903.17,0.072,Zeta Markets,2023-10-15 10:13:26.906607
26894.689,0.011,26908.5517,0.18,Zeta Markets,2023-10-15 10:13:26.906607
26886.8844,0.575,26930.0785,0.54,Zeta Markets,2023-10-15 10:13:26.906607
26883.93,0.185,26962.3686,0.825,Zeta Markets,2023-10-15 10:13:26.906607
26870.482,0.557,27287.196,0.011,Zeta Markets,2023-10-15 10:13:26.906607
26854.5942,1.237,27423.632,0.014,Zeta Markets,2023-10-15 10:13:26.906607
26843.584,0.557,27491.85,0.018,Zeta Markets,2023-10-15 10:13:26.906607
26816.687,0.743,27560.068,0.022,Zeta Markets,2023-10-15 10:13:26.906607
26480.678,0.011,27628.286,0.026,Zeta Markets,2023-10-15 10:13:26.906607
26348.275,0.014,,,Zeta Markets,2023-10-15 10:13:26.906607
26282.073,0.018,,,Zeta Markets,2023-10-15 10:13:26.906607
26215.871,0.022,,,Zeta Markets,2023-10-15 10:13:26.906607
26149.67,0.026,,,Zeta Markets,2023-10-15 10:13:26.906607
20000.0,0.002,,,Zeta Markets,2023-10-15 10:13:26.906607
26863.9604,0.281,26863.9605,0.011,Zeta Markets,2023-10-15 11:10:23.696396
26859.756,0.011,26866.6477,0.072,Zeta Markets,2023-10-15 11:10:23.696396
26850.4158,0.577,26872.0221,0.18,Zeta Markets,2023-10-15 11:10:23.696396
26849.011,0.186,26893.5196,0.54,Zeta Markets,2023-10-15 11:10:23.696396
26835.58,0.558,26925.766,0.814,Zeta Markets,2023-10-15 11:10:23.696396
26818.1695,1.245,27251.753,0.011,Zeta Markets,2023-10-15 11:10:23.696396
26808.717,0.558,27388.012,0.014,Zeta Markets,2023-10-15 11:10:23.696396
26781.855,0.744,27456.141,0.018,Zeta Markets,2023-10-15 11:10:23.696396
26446.283,0.011,27524.271,0.022,Zeta Markets,2023-10-15 11:10:23.696396
26314.051,0.014,27592.4,0.026,Zeta Markets,2023-10-15 11:10:23.696396
26247.935,0.018,,,Zeta Markets,2023-10-15 11:10:23.696396
26181.82,0.022,,,Zeta Markets,2023-10-15 11:10:23.696396
26115.704,0.026,,,Zeta Markets,2023-10-15 11:10:23.696396
20000.0,0.002,,,Zeta Markets,2023-10-15 11:10:23.696396
26836.9356,0.281,26836.9357,0.011,Zeta Markets,2023-10-15 12:24:38.017611
26835.846,0.011,26839.6202,0.072,Zeta Markets,2023-10-15 12:24:38.017611
26825.11,0.186,26844.9891,0.18,Zeta Markets,2023-10-15 12:24:38.017611
26823.3667,0.577,26866.4651,0.541,Zeta Markets,2023-10-15 12:24:38.017611
26811.691,0.559,26898.679,0.811,Zeta Markets,2023-10-15 12:24:38.017611
26791.1528,1.246,27227.494,0.011,Zeta Markets,2023-10-15 12:24:38.017611
26784.853,0.559,27363.631,0.014,Zeta Markets,2023-10-15 12:24:38.017611
26758.014,0.745,27431.7,0.018,Zeta Markets,2023-10-15 12:24:38.017611
26422.74,0.011,27499.769,0.022,Zeta Markets,2023-10-15 12:24:38.017611
26290.627,0.014,27567.837,0.026,Zeta Markets,2023-10-15 12:24:38.017611
26224.57,0.018,,,Zeta Markets,2023-10-15 12:24:38.017611
26158.513,0.022,,,Zeta Markets,2023-10-15 12:24:38.017611
26092.456,0.026,,,Zeta Markets,2023-10-15 12:24:38.017611
20000.0,0.002,,,Zeta Markets,2023-10-15 12:24:38.017611
26885.6238,0.281,26885.6239,0.011,Zeta Markets,2023-10-15 13:14:27.253902
26876.516,0.011,26888.3132,0.072,Zeta Markets,2023-10-15 13:14:27.253902
26870.6521,0.576,26893.6918,0.18,Zeta Markets,2023-10-15 13:14:27.253902
26865.765,0.186,26915.2061,0.54,Zeta Markets,2023-10-15 13:14:27.253902
26852.325,0.558,26947.4776,0.812,Zeta Markets,2023-10-15 13:14:27.253902
26838.3806,1.248,27268.758,0.011,Zeta Markets,2023-10-15 13:14:27.253902
26825.446,0.558,27405.102,0.014,Zeta Markets,2023-10-15 13:14:27.253902
26798.567,0.744,27473.274,0.018,Zeta Markets,2023-10-15 13:14:27.253902
26462.785,0.011,27541.446,0.022,Zeta Markets,2023-10-15 13:14:27.253902
26330.471,0.014,27609.618,0.026,Zeta Markets,2023-10-15 13:14:27.253902
26264.314,0.018,,,Zeta Markets,2023-10-15 13:14:27.253902
26198.157,0.022,,,Zeta Markets,2023-10-15 13:14:27.253902
26132.0,0.026,,,Zeta Markets,2023-10-15 13:14:27.253902
20000.0,0.002,,,Zeta Markets,2023-10-15 13:14:27.253902
0.0001,0.003,,,Zeta Markets,2023-10-15 13:14:27.253902
26895.2344,0.281,26895.2345,0.011,Zeta Markets,2023-10-15 14:11:21.581096
26891.244,0.011,26897.9248,0.072,Zeta Markets,2023-10-15 14:11:21.581096
26881.0977,0.576,26903.3054,0.18,Zeta Markets,2023-10-15 14:11:21.581096
26880.487,0.186,26924.8278,0.539,Zeta Markets,2023-10-15 14:11:21.581096
26867.04,0.558,26957.1114,0.813,Zeta Markets,2023-10-15 14:11:21.581096
26848.8142,1.248,27283.701,0.011,Zeta Markets,2023-10-15 14:11:21.581096
26840.146,0.558,27420.12,0.014,Zeta Markets,2023-10-15 14:11:21.581096
26813.252,0.744,27488.329,0.018,Zeta Markets,2023-10-15 14:11:21.581096
26477.286,0.011,27556.538,0.022,Zeta Markets,2023-10-15 14:11:21.581096
26344.9,0.014,27624.747,0.026,Zeta Markets,2023-10-15 14:11:21.581096
26278.707,0.018,,,Zeta Markets,2023-10-15 14:11:21.581096
26212.513,0.022,,,Zeta Markets,2023-10-15 14:11:21.581096
26146.32,0.026,,,Zeta Markets,2023-10-15 14:11:21.581096
20000.0,0.002,,,Zeta Markets,2023-10-15 14:11:21.581096
26876.5075,0.281,26876.5076,0.011,Zeta Markets,2023-10-15 15:12:20.688432
26870.605,0.011,26879.1959,0.072,Zeta Markets,2023-10-15 15:12:20.688432
26860.5458,0.577,26884.5726,0.18,Zeta Markets,2023-10-15 15:12:20.688432
26859.856,0.186,26906.0792,0.54,Zeta Markets,2023-10-15 15:12:20.688432
26846.419,0.558,26938.3392,0.812,Zeta Markets,2023-10-15 15:12:20.688432
26828.2858,1.248,27262.76,0.011,Zeta Markets,2023-10-15 15:12:20.688432
26819.546,0.558,27399.074,0.014,Zeta Markets,2023-10-15 15:12:20.688432
26792.673,0.744,27467.231,0.018,Zeta Markets,2023-10-15 15:12:20.688432
26456.965,0.011,27535.388,0.022,Zeta Markets,2023-10-15 15:12:20.688432
26324.68,0.014,27603.545,0.026,Zeta Markets,2023-10-15 15:12:20.688432
26258.537,0.018,,,Zeta Markets,2023-10-15 15:12:20.688432
26192.395,0.022,,,Zeta Markets,2023-10-15 15:12:20.688432
26126.253,0.026,,,Zeta Markets,2023-10-15 15:12:20.688432
20000.0,0.002,,,Zeta Markets,2023-10-15 15:12:20.688432
26908.962,0.281,26908.9621,0.011,Zeta Markets,2023-10-15 16:15:59.816372
26904.61,0.011,26911.6538,0.072,Zeta Markets,2023-10-15 16:15:59.816372
26895.4869,0.576,26917.0372,0.18,Zeta Markets,2023-10-15 16:15:59.816372
26893.847,0.185,26938.5709,0.539,Zeta Markets,2023-10-15 16:15:59.816372
26880.394,0.557,26970.8713,0.813,Zeta Markets,2023-10-15 16:15:59.816372
26863.1864,1.249,27297.262,0.011,Zeta Markets,2023-10-15 16:15:59.816372
26853.487,0.557,27433.748,0.014,Zeta Markets,2023-10-15 16:15:59.816372
26826.579,0.743,27501.991,0.018,Zeta Markets,2023-10-15 16:15:59.816372
26490.446,0.011,27570.235,0.022,Zeta Markets,2023-10-15 16:15:59.816372
26357.994,0.014,27638.478,0.026,Zeta Markets,2023-10-15 16:15:59.816372
26291.768,0.018,,,Zeta Markets,2023-10-15 16:15:59.816372
26225.542,0.022,,,Zeta Markets,2023-10-15 16:15:59.816372
26159.316,0.026,,,Zeta Markets,2023-10-15 16:15:59.816372
20000.0,0.002,,,Zeta Markets,2023-10-15 16:15:59.816372
26938.2911,0.281,26938.2912,0.011,Zeta Markets,2023-10-15 17:11:55.392861
26933.267,0.011,26940.9858,0.072,Zeta Markets,2023-10-15 17:11:55.392861
26923.4215,0.576,26946.3749,0.179,Zeta Markets,2023-10-15 17:11:55.392861
26922.493,0.185,26967.9315,0.538,Zeta Markets,2023-10-15 17:11:55.392861
26909.025,0.557,27000.2663,0.804,Zeta Markets,2023-10-15 17:11:55.392861
26891.0867,1.259,27326.337,0.011,Zeta Markets,2023-10-15 17:11:55.392861
26882.089,0.557,27462.969,0.014,Zeta Markets,2023-10-15 17:11:55.392861
26855.153,0.742,27531.284,0.018,Zeta Markets,2023-10-15 17:11:55.392861
26518.662,0.011,27599.6,0.022,Zeta Markets,2023-10-15 17:11:55.392861
26386.069,0.014,27667.916,0.026,Zeta Markets,2023-10-15 17:11:55.392861
26319.772,0.018,,,Zeta Markets,2023-10-15 17:11:55.392861
26253.475,0.022,,,Zeta Markets,2023-10-15 17:11:55.392861
26187.179,0.026,,,Zeta Markets,2023-10-15 17:11:55.392861
20000.0,0.002,,,Zeta Markets,2023-10-15 17:11:55.392861
26970.3397,0.281,26970.3398,0.011,Zeta Markets,2023-10-15 18:16:38.277702
26963.219,0.011,26973.0376,0.072,Zeta Markets,2023-10-15 18:16:38.277702
26956.1645,0.575,26978.4332,0.179,Zeta Markets,2023-10-15 18:16:38.277702
26952.432,0.185,27000.0157,0.537,Zeta Markets,2023-10-15 18:16:38.277702
26938.949,0.556,27032.3894,0.805,Zeta Markets,2023-10-15 18:16:38.277702
26923.7908,1.26,27356.703,0.011,Zeta Markets,2023-10-15 18:16:38.277702
26911.983,0.556,27493.487,0.014,Zeta Markets,2023-10-15 18:16:38.277702
26885.017,0.742,27561.878,0.018,Zeta Markets,2023-10-15 18:16:38.277702
26548.13,0.011,27630.27,0.022,Zeta Markets,2023-10-15 18:16:38.277702
26415.39,0.014,27698.662,0.025,Zeta Markets,2023-10-15 18:16:38.277702
26349.02,0.018,,,Zeta Markets,2023-10-15 18:16:38.277702
26282.649,0.022,,,Zeta Markets,2023-10-15 18:16:38.277702
26216.279,0.025,,,Zeta Markets,2023-10-15 18:16:38.277702
20000.0,0.002,,,Zeta Markets,2023-10-15 18:16:38.277702
27081.6734,0.279,27081.6735,0.011,Zeta Markets,2023-10-15 19:10:15.035842
27075.851,0.011,27084.3824,0.071,Zeta Markets,2023-10-15 19:10:15.035842
27067.5307,0.573,27089.8003,0.178,Zeta Markets,2023-10-15 19:10:15.035842
27065.019,0.184,27111.4719,0.535,Zeta Markets,2023-10-15 19:10:15.035842
27051.48,0.554,27143.9793,0.809,Zeta Markets,2023-10-15 19:10:15.035842
27035.0233,1.264,27471.001,0.011,Zeta Markets,2023-10-15 19:10:15.035842
27024.401,0.554,27608.356,0.014,Zeta Markets,2023-10-15 19:10:15.035842
26997.323,0.738,27677.034,0.018,Zeta Markets,2023-10-15 19:10:15.035842
26659.051,0.011,27745.711,0.022,Zeta Markets,2023-10-15 19:10:15.035842
26525.755,0.014,27814.389,0.025,Zeta Markets,2023-10-15 19:10:15.035842
26459.108,0.018,,,Zeta Markets,2023-10-15 19:10:15.035842
26392.46,0.022,,,Zeta Markets,2023-10-15 19:10:15.035842
26325.812,0.025,,,Zeta Markets,2023-10-15 19:10:15.035842
20000.0,0.002,,,Zeta Markets,2023-10-15 19:10:15.035842
27031.998,0.268,27034.7021,0.071,Zeta Markets,2023-10-15 20:13:23.129976
27023.939,0.011,27040.1101,0.179,Zeta Markets,2023-10-15 20:13:23.129976
27017.6524,0.574,27061.7418,0.536,Zeta Markets,2023-10-15 20:13:23.129976
27013.128,0.185,27094.1894,0.807,Zeta Markets,2023-10-15 20:13:23.129976
26999.615,0.555,27418.332,0.011,Zeta Markets,2023-10-15 20:13:23.129976
26985.2047,1.262,27555.424,0.014,Zeta Markets,2023-10-15 20:13:23.129976
26972.588,0.555,27623.97,0.018,Zeta Markets,2023-10-15 20:13:23.129976
26945.562,0.74,27692.515,0.022,Zeta Markets,2023-10-15 20:13:23.129976
26607.938,0.011,27761.061,0.025,Zeta Markets,2023-10-15 20:13:23.129976
26474.898,0.014,,,Zeta Markets,2023-10-15 20:13:23.129976
26408.379,0.018,,,Zeta Markets,2023-10-15 20:13:23.129976
26341.859,0.022,,,Zeta Markets,2023-10-15 20:13:23.129976
26275.339,0.025,,,Zeta Markets,2023-10-15 20:13:23.129976
20000.0,0.002,,,Zeta Markets,2023-10-15 20:13:23.129976
27120.5147,0.278,27120.5148,0.011,Zeta Markets,2023-10-15 21:11:15.712543
27103.5254,0.572,27123.2275,0.071,Zeta Markets,2023-10-15 21:11:15.712543
27101.807,0.011,27128.6528,0.178,Zeta Markets,2023-10-15 21:11:15.712543
27080.121,0.184,27150.3544,0.534,Zeta Markets,2023-10-15 21:11:15.712543
27070.9731,1.265,27182.9067,0.81,Zeta Markets,2023-10-15 21:11:15.712543
27053.014,0.553,27914.862,0.011,Zeta Markets,2023-10-15 21:11:15.712543
26998.799,0.553,28194.011,0.014,Zeta Markets,2023-10-15 21:11:15.712543
26944.585,0.737,28333.585,0.018,Zeta Markets,2023-10-15 21:11:15.712543
26288.754,0.011,28473.159,0.022,Zeta Markets,2023-10-15 21:11:15.712543
26025.866,0.014,28612.734,0.025,Zeta Markets,2023-10-15 21:11:15.712543
25894.422,0.018,,,Zeta Markets,2023-10-15 21:11:15.712543
25762.978,0.022,,,Zeta Markets,2023-10-15 21:11:15.712543
25631.535,0.025,,,Zeta Markets,2023-10-15 21:11:15.712543
20000.0,0.002,,,Zeta Markets,2023-10-15 21:11:15.712543
27291.7918,0.277,27291.7919,0.011,Zeta Markets,2023-10-15 22:12:09.796209
27285.608,0.01,27294.5218,0.071,Zeta Markets,2023-10-15 22:12:09.796209
27276.2172,0.569,27299.9816,0.177,Zeta Markets,2023-10-15 22:12:09.796209
27274.693,0.183,27321.8208,0.531,Zeta Markets,2023-10-15 22:12:09.796209
27261.049,0.549,27354.5796,0.815,Zeta Markets,2023-10-15 22:12:09.796209
27243.4584,1.27,27683.82,0.01,Zeta Markets,2023-10-15 22:12:09.796209
27233.76,0.549,27822.239,0.014,Zeta Markets,2023-10-15 22:12:09.796209
27206.472,0.733,27891.449,0.018,Zeta Markets,2023-10-15 22:12:09.796209
26865.579,0.01,27960.658,0.021,Zeta Markets,2023-10-15 22:12:09.796209
26731.251,0.014,28029.868,0.025,Zeta Markets,2023-10-15 22:12:09.796209
26664.087,0.018,,,Zeta Markets,2023-10-15 22:12:09.796209
26596.923,0.021,,,Zeta Markets,2023-10-15 22:12:09.796209
26529.759,0.025,,,Zeta Markets,2023-10-15 22:12:09.796209
20000.0,0.002,,,Zeta Markets,2023-10-15 22:12:09.796209
27054.1585,0.28,27054.1586,0.011,Zeta Markets,2023-10-15 23:13:11.587765
27047.339,0.011,27056.8646,0.071,Zeta Markets,2023-10-15 23:13:11.587765
27036.5525,0.574,27062.2767,0.178,Zeta Markets,2023-10-15 23:13:11.587765
27036.519,0.184,27083.9249,0.535,Zeta Markets,2023-10-15 23:13:11.587765
27022.994,0.554,27116.3971,0.808,Zeta Markets,2023-10-15 23:13:11.587765
27004.0802,1.263,27442.074,0.011,Zeta Markets,2023-10-15 23:13:11.587765
26995.944,0.554,27579.284,0.014,Zeta Markets,2023-10-15 23:13:11.587765
26968.894,0.739,27647.889,0.018,Zeta Markets,2023-10-15 23:13:11.587765
26630.978,0.011,27716.495,0.022,Zeta Markets,2023-10-15 23:13:11.587765
26497.823,0.014,27785.1,0.025,Zeta Markets,2023-10-15 23:13:11.587765
26431.246,0.018,,,Zeta Markets,2023-10-15 23:13:11.587765
26364.668,0.022,,,Zeta Markets,2023-10-15 23:13:11.587765
26298.091,0.025,,,Zeta Markets,2023-10-15 23:13:11.587765
20000.0,0.002,,,Zeta Markets,2023-10-15 23:13:11.587765
27150.9964,0.267,27153.7124,0.071,Zeta Markets,2023-10-16 01:01:39.828558
27140.511,0.011,27159.1441,0.178,Zeta Markets,2023-10-16 01:01:39.828558
27135.8973,0.572,27180.8708,0.533,Zeta Markets,2023-10-16 01:01:39.828558
27129.654,0.184,27213.4608,0.811,Zeta Markets,2023-10-16 01:01:39.828558
27116.082,0.552,27536.631,0.011,Zeta Markets,2023-10-16 01:01:39.828558
27103.3073,1.266,27674.315,0.014,Zeta Markets,2023-10-16 01:01:39.828558
27088.939,0.552,27743.156,0.018,Zeta Markets,2023-10-16 01:01:39.828558
27061.796,0.737,27811.998,0.022,Zeta Markets,2023-10-16 01:01:39.828558
26722.741,0.011,27880.839,0.025,Zeta Markets,2023-10-16 01:01:39.828558
26589.127,0.014,,,Zeta Markets,2023-10-16 01:01:39.828558
26522.32,0.018,,,Zeta Markets,2023-10-16 01:01:39.828558
26455.513,0.022,,,Zeta Markets,2023-10-16 01:01:39.828558
26388.707,0.025,,,Zeta Markets,2023-10-16 01:01:39.828558
20000.0,0.002,,,Zeta Markets,2023-10-16 01:01:39.828558
0.0001,0.003,,,Zeta Markets,2023-10-16 01:01:39.828558
27251.3654,0.277,27251.3655,0.011,Zeta Markets,2023-10-16 02:22:48.347273
27245.433,0.011,27254.0914,0.071,Zeta Markets,2023-10-16 02:22:48.347273
27236.3989,0.569,27259.5431,0.177,Zeta Markets,2023-10-16 02:22:48.347273
27234.534,0.183,27281.3502,0.532,Zeta Markets,2023-10-16 02:22:48.347273
27220.91,0.55,27314.0609,0.822,Zeta Markets,2023-10-16 02:22:48.347273
27203.6882,1.261,27643.059,0.011,Zeta Markets,2023-10-16 02:22:48.347273
27193.662,0.55,27781.274,0.014,Zeta Markets,2023-10-16 02:22:48.347273
27166.414,0.734,27850.382,0.018,Zeta Markets,2023-10-16 02:22:48.347273
26826.023,0.011,27919.49,0.022,Zeta Markets,2023-10-16 02:22:48.347273
26691.893,0.014,27988.597,0.025,Zeta Markets,2023-10-16 02:22:48.347273
26624.828,0.018,,,Zeta Markets,2023-10-16 02:22:48.347273
26557.762,0.022,,,Zeta Markets,2023-10-16 02:22:48.347273
26490.697,0.025,,,Zeta Markets,2023-10-16 02:22:48.347273
20000.0,0.002,,,Zeta Markets,2023-10-16 02:22:48.347273
27172.4504,0.278,27172.4505,0.011,Zeta Markets,2023-10-16 03:14:32.715919
27164.36,0.011,27175.1686,0.071,Zeta Markets,2023-10-16 03:14:32.715919
27158.2527,0.572,27180.6046,0.178,Zeta Markets,2023-10-16 03:14:32.715919
27153.493,0.184,27202.3489,0.533,Zeta Markets,2023-10-16 03:14:32.715919
27139.909,0.552,27234.9652,0.808,Zeta Markets,2023-10-16 03:14:32.715919
27125.6363,1.27,27560.802,0.011,Zeta Markets,2023-10-16 03:14:32.715919
27112.742,0.552,27698.606,0.014,Zeta Markets,2023-10-16 03:14:32.715919
27085.575,0.736,27767.508,0.018,Zeta Markets,2023-10-16 03:14:32.715919
26746.197,0.011,27836.41,0.022,Zeta Markets,2023-10-16 03:14:32.715919
26612.466,0.014,27905.312,0.025,Zeta Markets,2023-10-16 03:14:32.715919
26545.601,0.018,,,Zeta Markets,2023-10-16 03:14:32.715919
26478.735,0.022,,,Zeta Markets,2023-10-16 03:14:32.715919
26411.87,0.025,,,Zeta Markets,2023-10-16 03:14:32.715919
20000.0,0.002,,,Zeta Markets,2023-10-16 03:14:32.715919
27232.4287,0.277,27232.4288,0.011,Zeta Markets,2023-10-16 04:16:33.367410
27226.392,0.011,27235.1528,0.071,Zeta Markets,2023-10-16 04:16:33.367410
27218.5826,0.57,27240.6009,0.177,Zeta Markets,2023-10-16 04:16:33.367410
27215.5,0.183,27262.3933,0.532,Zeta Markets,2023-10-16 04:16:33.367410
27201.886,0.551,27295.0819,0.812,Zeta Markets,2023-10-16 04:16:33.367410
27185.894,1.269,27623.74,0.011,Zeta Markets,2023-10-16 04:16:33.367410
27174.656,0.551,27761.858,0.014,Zeta Markets,2023-10-16 04:16:33.367410
27147.427,0.734,27830.918,0.018,Zeta Markets,2023-10-16 04:16:33.367410
26807.274,0.011,27899.977,0.022,Zeta Markets,2023-10-16 04:16:33.367410
26673.238,0.014,27969.036,0.025,Zeta Markets,2023-10-16 04:16:33.367410
26606.22,0.018,,,Zeta Markets,2023-10-16 04:16:33.367410
26539.202,0.022,,,Zeta Markets,2023-10-16 04:16:33.367410
26472.183,0.025,,,Zeta Markets,2023-10-16 04:16:33.367410
20000.0,0.002,,,Zeta Markets,2023-10-16 04:16:33.367410
27282.91,0.277,27282.9101,0.011,Zeta Markets,2023-10-16 05:13:21.351859
27276.057,0.011,27285.6392,0.071,Zeta Markets,2023-10-16 05:13:21.351859
27268.5038,0.571,27291.0974,0.176,Zeta Markets,2023-10-16 05:13:21.351859
27265.145,0.183,27312.9299,0.528,Zeta Markets,2023-10-16 05:13:21.351859
27251.506,0.55,27345.6788,0.788,Zeta Markets,2023-10-16 05:13:21.351859
27235.7549,1.296,27674.129,0.011,Zeta Markets,2023-10-16 05:13:21.351859
27224.227,0.55,27812.5,0.014,Zeta Markets,2023-10-16 05:13:21.351859
27196.948,0.733,27881.685,0.018,Zeta Markets,2023-10-16 05:13:21.351859
26856.175,0.011,27950.871,0.022,Zeta Markets,2023-10-16 05:13:21.351859
26721.894,0.014,28020.056,0.025,Zeta Markets,2023-10-16 05:13:21.351859
26654.754,0.018,,,Zeta Markets,2023-10-16 05:13:21.351859
26587.613,0.022,,,Zeta Markets,2023-10-16 05:13:21.351859
26520.473,0.025,,,Zeta Markets,2023-10-16 05:13:21.351859
20000.0,0.002,,,Zeta Markets,2023-10-16 05:13:21.351859
27881.8257,0.283,27881.8258,0.01,Zeta Markets,2023-10-16 06:19:13.733721
27871.193,0.179,27884.6147,0.069,Zeta Markets,2023-10-16 06:19:13.733721
27864.9298,0.56,27890.1924,0.172,Zeta Markets,2023-10-16 06:19:13.733721
27857.25,0.538,27912.5034,0.516,Zeta Markets,2023-10-16 06:19:13.733721
27831.4634,1.317,27945.9698,0.802,Zeta Markets,2023-10-16 06:19:13.733721
27829.365,0.538,28289.268,0.01,Zeta Markets,2023-10-16 06:19:13.733721
27801.48,0.717,28430.714,0.014,Zeta Markets,2023-10-16 06:19:13.733721
27453.132,0.01,28501.437,0.017,Zeta Markets,2023-10-16 06:19:13.733721
27315.866,0.014,28572.161,0.021,Zeta Markets,2023-10-16 06:19:13.733721
27247.233,0.017,28642.884,0.025,Zeta Markets,2023-10-16 06:19:13.733721
27178.601,0.021,,,Zeta Markets,2023-10-16 06:19:13.733721
27109.968,0.025,,,Zeta Markets,2023-10-16 06:19:13.733721
20000.0,0.002,,,Zeta Markets,2023-10-16 06:19:13.733721
27865.8764,0.302,27865.8765,0.04,Zeta Markets,2023-10-16 07:13:16.430605
27849.4335,0.559,27866.6534,0.069,Zeta Markets,2023-10-16 07:13:16.430605
27815.9871,1.306,27872.2278,0.173,Zeta Markets,2023-10-16 07:13:16.430605
27426.072,0.01,27894.5253,0.518,Zeta Markets,2023-10-16 07:13:16.430605
27288.941,0.014,27927.9717,0.812,Zeta Markets,2023-10-16 07:13:16.430605
27220.376,0.017,28261.384,0.01,Zeta Markets,2023-10-16 07:13:16.430605
27151.811,0.021,28402.691,0.014,Zeta Markets,2023-10-16 07:13:16.430605
27083.246,0.025,28473.344,0.017,Zeta Markets,2023-10-16 07:13:16.430605
20000.0,0.002,28543.998,0.021,Zeta Markets,2023-10-16 07:13:16.430605
,,28614.651,0.025,Zeta Markets,2023-10-16 07:13:16.430605
27890.3574,0.271,27890.3575,0.01,Zeta Markets,2023-10-16 08:18:30.885620
27875.941,0.01,27893.1472,0.069,Zeta Markets,2023-10-16 08:18:30.885620
27872.4423,0.558,27898.7265,0.173,Zeta Markets,2023-10-16 08:18:30.885620
27864.789,0.179,27921.0439,0.518,Zeta Markets,2023-10-16 08:18:30.885620
27850.85,0.538,27954.52,0.821,Zeta Markets,2023-10-16 08:18:30.885620
27838.9662,1.299,28282.768,0.01,Zeta Markets,2023-10-16 08:18:30.885620
27822.971,0.538,28424.182,0.014,Zeta Markets,2023-10-16 08:18:30.885620
27795.093,0.717,28494.889,0.017,Zeta Markets,2023-10-16 08:18:30.885620
27446.824,0.01,28565.596,0.021,Zeta Markets,2023-10-16 08:18:30.885620
27309.59,0.014,28636.303,0.025,Zeta Markets,2023-10-16 08:18:30.885620
27240.973,0.017,,,Zeta Markets,2023-10-16 08:18:30.885620
27172.356,0.021,,,Zeta Markets,2023-10-16 08:18:30.885620
27103.739,0.025,,,Zeta Markets,2023-10-16 08:18:30.885620
20000.0,0.002,,,Zeta Markets,2023-10-16 08:18:30.885620
27700.7846,0.274,27700.7847,0.01,Zeta Markets,2023-10-16 09:14:58.259874
27688.749,0.01,27703.5555,0.069,Zeta Markets,2023-10-16 09:14:58.259874
27685.5495,0.563,27709.0972,0.173,Zeta Markets,2023-10-16 09:14:58.259874
27677.672,0.18,27731.2639,0.52,Zeta Markets,2023-10-16 09:14:58.259874
27663.827,0.541,27764.514,0.797,Zeta Markets,2023-10-16 09:14:58.259874
27652.2994,1.312,28092.844,0.01,Zeta Markets,2023-10-16 09:14:58.259874
27636.135,0.541,28233.309,0.014,Zeta Markets,2023-10-16 09:14:58.259874
27608.443,0.722,28303.541,0.018,Zeta Markets,2023-10-16 09:14:58.259874
27262.514,0.01,28373.773,0.021,Zeta Markets,2023-10-16 09:14:58.259874
27126.201,0.014,28444.005,0.025,Zeta Markets,2023-10-16 09:14:58.259874
27058.045,0.018,,,Zeta Markets,2023-10-16 09:14:58.259874
26989.889,0.021,,,Zeta Markets,2023-10-16 09:14:58.259874
26921.733,0.025,,,Zeta Markets,2023-10-16 09:14:58.259874
20000.0,0.002,,,Zeta Markets,2023-10-16 09:14:58.259874
27754.4752,0.274,27754.4753,0.01,Zeta Markets,2023-10-16 10:15:28.300498
27747.36,0.01,27757.2515,0.069,Zeta Markets,2023-10-16 10:15:28.300498
27739.4911,0.564,27762.804,0.172,Zeta Markets,2023-10-16 10:15:28.300498
27736.26,0.18,27785.0138,0.517,Zeta Markets,2023-10-16 10:15:28.300498
27722.385,0.54,27818.3285,0.774,Zeta Markets,2023-10-16 10:15:28.300498
27706.1764,1.338,28152.311,0.01,Zeta Markets,2023-10-16 10:15:28.300498
27694.635,0.54,28293.072,0.014,Zeta Markets,2023-10-16 10:15:28.300498
27666.884,0.721,28363.453,0.018,Zeta Markets,2023-10-16 10:15:28.300498
27320.223,0.01,28433.834,0.021,Zeta Markets,2023-10-16 10:15:28.300498
27183.622,0.014,28504.215,0.025,Zeta Markets,2023-10-16 10:15:28.300498
27115.321,0.018,,,Zeta Markets,2023-10-16 10:15:28.300498
27047.02,0.021,,,Zeta Markets,2023-10-16 10:15:28.300498
26978.72,0.025,,,Zeta Markets,2023-10-16 10:15:28.300498
20000.0,0.002,,,Zeta Markets,2023-10-16 10:15:28.300498
27757.5924,0.28,27757.5925,0.016,Zeta Markets,2023-10-16 11:12:07.965293
27742.9873,0.563,27760.1976,0.069,Zeta Markets,2023-10-16 11:12:07.965293
27709.6687,1.319,27765.7507,0.173,Zeta Markets,2023-10-16 11:12:07.965293
27318.9,0.01,27787.9631,0.518,Zeta Markets,2023-10-16 11:12:07.965293
27182.306,0.014,27821.2816,0.793,Zeta Markets,2023-10-16 11:12:07.965293
27114.009,0.018,28150.948,0.01,Zeta Markets,2023-10-16 11:12:07.965293
27045.711,0.021,28291.703,0.014,Zeta Markets,2023-10-16 11:12:07.965293
26977.414,0.025,28362.08,0.018,Zeta Markets,2023-10-16 11:12:07.965293
20000.0,0.002,28432.458,0.021,Zeta Markets,2023-10-16 11:12:07.965293
,,28502.835,0.025,Zeta Markets,2023-10-16 11:12:07.965293
27803.0718,0.272,27803.0719,0.01,Zeta Markets,2023-10-16 12:28:04.044506
27791.443,0.01,27805.8529,0.069,Zeta Markets,2023-10-16 12:28:04.044506
27787.2794,0.559,27811.415,0.173,Zeta Markets,2023-10-16 12:28:04.044506
27780.325,0.179,27833.6634,0.52,Zeta Markets,2023-10-16 12:28:04.044506
27766.428,0.539,27867.036,0.825,Zeta Markets,2023-10-16 12:28:04.044506
27753.9068,1.29,28197.037,0.01,Zeta Markets,2023-10-16 12:28:04.044506
27738.634,0.539,28338.023,0.014,Zeta Markets,2023-10-16 12:28:04.044506
27710.84,0.719,28408.515,0.017,Zeta Markets,2023-10-16 12:28:04.044506
27363.627,0.01,28479.008,0.021,Zeta Markets,2023-10-16 12:28:04.044506
27226.809,0.014,28549.5,0.025,Zeta Markets,2023-10-16 12:28:04.044506
27158.4,0.017,,,Zeta Markets,2023-10-16 12:28:04.044506
27089.991,0.021,,,Zeta Markets,2023-10-16 12:28:04.044506
27021.582,0.025,,,Zeta Markets,2023-10-16 12:28:04.044506
20000.0,0.002,,,Zeta Markets,2023-10-16 12:28:04.044506
27927.547,0.273,27927.5471,0.01,Zeta Markets,2023-10-16 13:18:27.421863
27912.1884,0.56,27930.3406,0.069,Zeta Markets,2023-10-16 13:18:27.421863
27906.185,0.01,27935.9277,0.171,Zeta Markets,2023-10-16 13:18:27.421863
27895.022,0.179,27958.2759,0.514,Zeta Markets,2023-10-16 13:18:27.421863
27881.067,0.537,27991.7981,0.786,Zeta Markets,2023-10-16 13:18:27.421863
27878.6661,1.337,28313.454,0.01,Zeta Markets,2023-10-16 13:18:27.421863
27853.158,0.537,28455.021,0.014,Zeta Markets,2023-10-16 13:18:27.421863
27825.249,0.716,28525.805,0.017,Zeta Markets,2023-10-16 13:18:27.421863
27476.603,0.01,28596.588,0.021,Zeta Markets,2023-10-16 13:18:27.421863
27339.22,0.014,28667.372,0.025,Zeta Markets,2023-10-16 13:18:27.421863
27270.529,0.017,,,Zeta Markets,2023-10-16 13:18:27.421863
27201.837,0.021,,,Zeta Markets,2023-10-16 13:18:27.421863
27133.146,0.025,,,Zeta Markets,2023-10-16 13:18:27.421863
20000.0,0.002,,,Zeta Markets,2023-10-16 13:18:27.421863
28153.3003,0.263,28153.3004,0.011,Zeta Markets,2023-10-16 15:14:38.962206
28135.04,0.01,28156.1162,0.07,Zeta Markets,2023-10-16 15:14:38.962206
28132.4358,0.539,28161.7479,0.176,Zeta Markets,2023-10-16 15:14:38.962206
28112.527,0.177,28184.2745,0.527,Zeta Markets,2023-10-16 15:14:38.962206
28098.6458,1.142,28218.0646,0.993,Zeta Markets,2023-10-16 15:14:38.962206
28084.386,0.533,28979.092,0.01,Zeta Markets,2023-10-16 15:14:38.962206
28028.105,0.533,29268.883,0.014,Zeta Markets,2023-10-16 15:14:38.962206
27971.824,0.71,29413.778,0.017,Zeta Markets,2023-10-16 15:14:38.962206
27290.99,0.01,29558.674,0.021,Zeta Markets,2023-10-16 15:14:38.962206
27018.08,0.014,29703.569,0.024,Zeta Markets,2023-10-16 15:14:38.962206
26881.625,0.017,,,Zeta Markets,2023-10-16 15:14:38.962206
26745.17,0.021,,,Zeta Markets,2023-10-16 15:14:38.962206
26608.715,0.024,,,Zeta Markets,2023-10-16 15:14:38.962206
20000.0,0.002,,,Zeta Markets,2023-10-16 15:14:38.962206
28156.3665,0.262,28156.3666,0.011,Zeta Markets,2023-10-16 16:18:44.308154
28140.2851,0.537,28159.183,0.07,Zeta Markets,2023-10-16 16:18:44.308154
28106.4885,1.12,28164.8157,0.176,Zeta Markets,2023-10-16 16:18:44.308154
27045.241,0.01,28187.3468,0.528,Zeta Markets,2023-10-16 16:18:44.308154
25952.504,0.177,28221.1434,1.015,Zeta Markets,2023-10-16 16:18:44.308154
24586.583,0.533,29900.0,0.003,Zeta Markets,2023-10-16 16:18:44.308154
21854.74,0.533,34471.644,0.01,Zeta Markets,2023-10-16 16:18:44.308154
21808.591,0.01,37057.017,0.014,Zeta Markets,2023-10-16 16:18:44.308154
20172.946,0.014,38349.704,0.017,Zeta Markets,2023-10-16 16:18:44.308154
20000.0,0.002,39642.39,0.021,Zeta Markets,2023-10-16 16:18:44.308154
19355.124,0.017,40935.077,0.024,Zeta Markets,2023-10-16 16:18:44.308154
19122.898,0.71,,,Zeta Markets,2023-10-16 16:18:44.308154
18537.302,0.021,,,Zeta Markets,2023-10-16 16:18:44.308154
17719.48,0.024,,,Zeta Markets,2023-10-16 16:18:44.308154
28223.5004,0.259,28223.5005,0.011,Zeta Markets,2023-10-16 17:12:43.863685
28203.949,0.01,28226.3233,0.071,Zeta Markets,2023-10-16 17:12:43.863685
28202.6298,0.532,28231.969,0.177,Zeta Markets,2023-10-16 17:12:43.863685
28181.381,0.177,28254.5519,0.531,Zeta Markets,2023-10-16 17:12:43.863685
28168.7555,1.072,28288.4262,1.067,Zeta Markets,2023-10-16 17:12:43.863685
28153.172,0.531,29050.069,0.01,Zeta Markets,2023-10-16 17:12:43.863685
28096.753,0.531,29340.569,0.014,Zeta Markets,2023-10-16 17:12:43.863685
28040.333,0.709,29485.82,0.017,Zeta Markets,2023-10-16 17:12:43.863685
27357.832,0.01,29631.07,0.021,Zeta Markets,2023-10-16 17:12:43.863685
27084.253,0.014,29776.32,0.024,Zeta Markets,2023-10-16 17:12:43.863685
26947.464,0.017,29900.0,0.003,Zeta Markets,2023-10-16 17:12:43.863685
26810.675,0.021,,,Zeta Markets,2023-10-16 17:12:43.863685
26673.886,0.024,,,Zeta Markets,2023-10-16 17:12:43.863685
20000.0,0.002,,,Zeta Markets,2023-10-16 17:12:43.863685
28381.5269,0.081,28381.527,0.011,Zeta Markets,2023-10-16 18:18:55.926511
28380.7918,0.175,28384.3656,0.071,Zeta Markets,2023-10-16 18:18:55.926511
28358.0835,0.526,28390.0427,0.177,Zeta Markets,2023-10-16 18:18:55.926511
28325.519,0.01,28412.751,0.531,Zeta Markets,2023-10-16 18:18:55.926511
28324.021,1.047,28446.8135,1.102,Zeta Markets,2023-10-16 18:18:55.926511
28268.84,0.176,29639.959,0.01,Zeta Markets,2023-10-16 18:18:55.926511
28197.991,0.528,29900.0,0.003,Zeta Markets,2023-10-16 18:18:55.926511
28056.292,0.528,30084.558,0.014,Zeta Markets,2023-10-16 18:18:55.926511
27914.594,0.705,30306.858,0.017,Zeta Markets,2023-10-16 18:18:55.926511
27087.235,0.01,30529.157,0.021,Zeta Markets,2023-10-16 18:18:55.926511
26680.926,0.014,30751.457,0.024,Zeta Markets,2023-10-16 18:18:55.926511
26477.772,0.017,,,Zeta Markets,2023-10-16 18:18:55.926511
26274.618,0.021,,,Zeta Markets,2023-10-16 18:18:55.926511
26071.464,0.024,,,Zeta Markets,2023-10-16 18:18:55.926511
20000.0,0.002,,,Zeta Markets,2023-10-16 18:18:55.926511
28725.89,0.242,28728.7633,0.07,Zeta Markets,2023-10-16 19:11:48.030237
28707.2956,0.52,28734.5098,0.175,Zeta Markets,2023-10-16 19:11:48.030237
28705.597,0.01,28757.4957,0.525,Zeta Markets,2023-10-16 19:11:48.030237
28682.628,0.174,28791.9746,1.114,Zeta Markets,2023-10-16 19:11:48.030237
28672.8167,1.053,29566.766,0.01,Zeta Markets,2023-10-16 19:11:48.030237
28653.916,0.522,29862.433,0.013,Zeta Markets,2023-10-16 19:11:48.030237
28596.494,0.522,29900.0,0.003,Zeta Markets,2023-10-16 19:11:48.030237
28539.071,0.696,30010.267,0.017,Zeta Markets,2023-10-16 19:11:48.030237
27844.43,0.01,30158.101,0.02,Zeta Markets,2023-10-16 19:11:48.030237
27565.986,0.013,30305.935,0.024,Zeta Markets,2023-10-16 19:11:48.030237
27426.763,0.017,,,Zeta Markets,2023-10-16 19:11:48.030237
27287.541,0.02,,,Zeta Markets,2023-10-16 19:11:48.030237
27148.319,0.024,,,Zeta Markets,2023-10-16 19:11:48.030237
20000.0,0.002,,,Zeta Markets,2023-10-16 19:11:48.030237
28571.3886,0.252,28571.3887,0.011,Zeta Markets,2023-10-16 20:15:17.151467
28551.565,0.01,28574.2464,0.071,Zeta Markets,2023-10-16 20:15:17.151467
28550.622,0.519,28579.9617,0.177,Zeta Markets,2023-10-16 20:15:17.151467
28528.719,0.175,28602.8231,0.531,Zeta Markets,2023-10-16 20:15:17.151467
28516.3299,1.006,28637.1152,1.152,Zeta Markets,2023-10-16 20:15:17.151467
28500.162,0.525,29408.113,0.01,Zeta Markets,2023-10-16 20:15:17.151467
28443.047,0.525,29702.194,0.014,Zeta Markets,2023-10-16 20:15:17.151467
28385.933,0.7,29849.235,0.017,Zeta Markets,2023-10-16 20:15:17.151467
27695.019,0.01,29900.0,0.003,Zeta Markets,2023-10-16 20:15:17.151467
27418.069,0.014,29996.275,0.021,Zeta Markets,2023-10-16 20:15:17.151467
27279.594,0.017,30143.316,0.024,Zeta Markets,2023-10-16 20:15:17.151467
27141.119,0.021,,,Zeta Markets,2023-10-16 20:15:17.151467
27002.644,0.024,,,Zeta Markets,2023-10-16 20:15:17.151467
20000.0,0.002,,,Zeta Markets,2023-10-16 20:15:17.151467
28267.3535,0.264,28267.3536,0.011,Zeta Markets,2023-10-16 21:12:40.201364
28257.884,0.176,28270.1812,0.072,Zeta Markets,2023-10-16 21:12:40.201364
28251.9978,0.522,28275.8362,0.18,Zeta Markets,2023-10-16 21:12:40.201364
28243.748,0.53,28298.4564,0.539,Zeta Markets,2023-10-16 21:12:40.201364
28218.0675,0.975,28332.3867,1.167,Zeta Markets,2023-10-16 21:12:40.201364
28215.476,0.53,28678.419,0.01,Zeta Markets,2023-10-16 21:12:40.201364
28187.204,0.707,28821.811,0.014,Zeta Markets,2023-10-16 21:12:40.201364
27830.781,0.01,28893.507,0.017,Zeta Markets,2023-10-16 21:12:40.201364
27691.627,0.014,28965.203,0.021,Zeta Markets,2023-10-16 21:12:40.201364
27622.05,0.017,29036.899,0.024,Zeta Markets,2023-10-16 21:12:40.201364
27552.473,0.021,29900.0,0.003,Zeta Markets,2023-10-16 21:12:40.201364
27482.896,0.024,,,Zeta Markets,2023-10-16 21:12:40.201364
20000.0,0.002,,,Zeta Markets,2023-10-16 21:12:40.201364
28427.4155,0.251,28427.4156,0.011,Zeta Markets,2023-10-16 22:13:02.320921
28427.038,0.01,28430.2591,0.072,Zeta Markets,2023-10-16 22:13:02.320921
28415.666,0.175,28435.9461,0.18,Zeta Markets,2023-10-16 22:13:02.320921
28411.6162,0.516,28458.6943,0.539,Zeta Markets,2023-10-16 22:13:02.320921
28401.451,0.527,28492.8165,1.207,Zeta Markets,2023-10-16 22:13:02.320921
28377.494,0.944,28841.908,0.01,Zeta Markets,2023-10-16 22:13:02.320921
28373.021,0.527,28986.117,0.014,Zeta Markets,2023-10-16 22:13:02.320921
28344.591,0.703,29058.222,0.017,Zeta Markets,2023-10-16 22:13:02.320921
27989.438,0.01,29130.327,0.021,Zeta Markets,2023-10-16 22:13:02.320921
27849.491,0.014,29202.432,0.024,Zeta Markets,2023-10-16 22:13:02.320921
27779.517,0.017,29900.0,0.003,Zeta Markets,2023-10-16 22:13:02.320921
27709.543,0.021,,,Zeta Markets,2023-10-16 22:13:02.320921
27639.57,0.024,,,Zeta Markets,2023-10-16 22:13:02.320921
20000.0,0.002,,,Zeta Markets,2023-10-16 22:13:02.320921
28512.299,0.251,28512.2991,0.011,Zeta Markets,2023-10-16 23:13:40.659099
28511.433,0.01,28514.7486,0.072,Zeta Markets,2023-10-16 23:13:40.659099
28500.028,0.175,28520.4525,0.179,Zeta Markets,2023-10-16 23:13:40.659099
28495.102,0.515,28543.2678,0.537,Zeta Markets,2023-10-16 23:13:40.659099
28485.771,0.526,28577.4908,1.212,Zeta Markets,2023-10-16 23:13:40.659099
28460.879,0.944,28927.535,0.01,Zeta Markets,2023-10-16 23:13:40.659099
28457.256,0.526,29072.173,0.014,Zeta Markets,2023-10-16 23:13:40.659099
28428.742,0.701,29144.492,0.017,Zeta Markets,2023-10-16 23:13:40.659099
28072.534,0.01,29216.811,0.021,Zeta Markets,2023-10-16 23:13:40.659099
27932.172,0.014,29289.13,0.024,Zeta Markets,2023-10-16 23:13:40.659099
27861.99,0.017,29900.0,0.003,Zeta Markets,2023-10-16 23:13:40.659099
27791.809,0.021,,,Zeta Markets,2023-10-16 23:13:40.659099
27721.628,0.024,,,Zeta Markets,2023-10-16 23:13:40.659099
20000.0,0.002,,,Zeta Markets,2023-10-16 23:13:40.659099
28277.6554,0.253,28277.6555,0.011,Zeta Markets,2023-10-17 01:00:54.231180
28274.416,0.01,28280.4841,0.072,Zeta Markets,2023-10-17 01:00:54.231180
28263.105,0.176,28286.1413,0.18,Zeta Markets,2023-10-17 01:00:54.231180
28262.6373,0.521,28308.7698,0.54,Zeta Markets,2023-10-17 01:00:54.231180
28248.966,0.53,28342.7127,1.182,Zeta Markets,2023-10-17 01:00:54.231180
28228.6944,0.96,28687.058,0.01,Zeta Markets,2023-10-17 01:00:54.231180
28220.689,0.53,28830.494,0.014,Zeta Markets,2023-10-17 01:00:54.231180
28192.412,0.707,28902.211,0.017,Zeta Markets,2023-10-17 01:00:54.231180
27839.165,0.01,28973.929,0.021,Zeta Markets,2023-10-17 01:00:54.231180
27699.969,0.014,29045.647,0.024,Zeta Markets,2023-10-17 01:00:54.231180
27630.371,0.017,29900.0,0.003,Zeta Markets,2023-10-17 01:00:54.231180
27560.773,0.021,,,Zeta Markets,2023-10-17 01:00:54.231180
27491.175,0.024,,,Zeta Markets,2023-10-17 01:00:54.231180
20000.0,0.002,,,Zeta Markets,2023-10-17 01:00:54.231180
28320.351,0.253,28320.3511,0.083,Zeta Markets,2023-10-17 02:21:24.127687
28311.608,0.01,28324.0358,0.18,Zeta Markets,2023-10-17 02:21:24.127687
28300.282,0.176,28346.6944,0.539,Zeta Markets,2023-10-17 02:21:24.127687
28299.8863,0.52,28380.6824,1.18,Zeta Markets,2023-10-17 02:21:24.127687
28286.125,0.53,28724.794,0.01,Zeta Markets,2023-10-17 02:21:24.127687
28265.8984,0.965,28868.418,0.014,Zeta Markets,2023-10-17 02:21:24.127687
28257.811,0.53,28940.23,0.017,Zeta Markets,2023-10-17 02:21:24.127687
28229.496,0.706,29012.042,0.021,Zeta Markets,2023-10-17 02:21:24.127687
27875.785,0.01,29083.854,0.024,Zeta Markets,2023-10-17 02:21:24.127687
27736.406,0.014,29900.0,0.003,Zeta Markets,2023-10-17 02:21:24.127687
27666.717,0.017,,,Zeta Markets,2023-10-17 02:21:24.127687
27597.027,0.021,,,Zeta Markets,2023-10-17 02:21:24.127687
27527.338,0.024,,,Zeta Markets,2023-10-17 02:21:24.127687
20000.0,0.002,,,Zeta Markets,2023-10-17 02:21:24.127687
28350.1931,0.254,28350.1932,0.011,Zeta Markets,2023-10-17 03:14:06.776310
28349.709,0.01,28353.0291,0.072,Zeta Markets,2023-10-17 03:14:06.776310
28338.368,0.176,28358.7008,0.179,Zeta Markets,2023-10-17 03:14:06.776310
28335.9151,0.521,28381.3878,0.537,Zeta Markets,2023-10-17 03:14:06.776310
28324.192,0.529,28415.4181,1.166,Zeta Markets,2023-10-17 03:14:06.776310
28301.8847,0.981,28763.451,0.01,Zeta Markets,2023-10-17 03:14:06.776310
28295.839,0.529,28907.268,0.014,Zeta Markets,2023-10-17 03:14:06.776310
28267.487,0.705,28979.177,0.017,Zeta Markets,2023-10-17 03:14:06.776310
27913.299,0.01,29051.085,0.021,Zeta Markets,2023-10-17 03:14:06.776310
27773.733,0.014,29122.994,0.024,Zeta Markets,2023-10-17 03:14:06.776310
27703.95,0.017,29900.0,0.003,Zeta Markets,2023-10-17 03:14:06.776310
27634.166,0.021,,,Zeta Markets,2023-10-17 03:14:06.776310
27564.383,0.024,,,Zeta Markets,2023-10-17 03:14:06.776310
20000.0,0.002,,,Zeta Markets,2023-10-17 03:14:06.776310
28181.8116,0.256,28181.8117,0.011,Zeta Markets,2023-10-17 04:16:36.624640
28160.3516,0.524,28184.6304,0.072,Zeta Markets,2023-10-17 04:16:36.624640
28134.678,0.01,28190.2677,0.18,Zeta Markets,2023-10-17 04:16:36.624640
28126.5277,0.975,28212.8169,0.54,Zeta Markets,2023-10-17 04:16:36.624640
28078.38,0.177,28246.6408,1.162,Zeta Markets,2023-10-17 04:16:36.624640
28008.008,0.532,29432.006,0.01,Zeta Markets,2023-10-17 04:16:36.624640
27867.265,0.532,29873.486,0.014,Zeta Markets,2023-10-17 04:16:36.624640
27726.521,0.71,29900.0,0.003,Zeta Markets,2023-10-17 04:16:36.624640
26897.192,0.01,30094.226,0.017,Zeta Markets,2023-10-17 04:16:36.624640
26493.734,0.014,30314.966,0.021,Zeta Markets,2023-10-17 04:16:36.624640
26292.005,0.017,30535.706,0.024,Zeta Markets,2023-10-17 04:16:36.624640
26090.276,0.021,,,Zeta Markets,2023-10-17 04:16:36.624640
25888.547,0.024,,,Zeta Markets,2023-10-17 04:16:36.624640
20000.0,0.002,,,Zeta Markets,2023-10-17 04:16:36.624640
28171.7404,0.245,28174.5584,0.072,Zeta Markets,2023-10-17 05:12:44.048324
28166.461,0.01,28180.1941,0.18,Zeta Markets,2023-10-17 05:12:44.048324
28155.193,0.177,28202.7373,0.539,Zeta Markets,2023-10-17 05:12:44.048324
28155.1893,0.526,28236.5521,1.144,Zeta Markets,2023-10-17 05:12:44.048324
28141.108,0.532,28577.529,0.01,Zeta Markets,2023-10-17 05:12:44.048324
28121.3745,0.993,28720.416,0.014,Zeta Markets,2023-10-17 05:12:44.048324
28112.939,0.532,28791.86,0.017,Zeta Markets,2023-10-17 05:12:44.048324
28084.77,0.71,28863.304,0.021,Zeta Markets,2023-10-17 05:12:44.048324
27732.873,0.01,28934.748,0.024,Zeta Markets,2023-10-17 05:12:44.048324
27594.208,0.014,29900.0,0.003,Zeta Markets,2023-10-17 05:12:44.048324
27524.876,0.017,,,Zeta Markets,2023-10-17 05:12:44.048324
27455.544,0.021,,,Zeta Markets,2023-10-17 05:12:44.048324
27386.212,0.024,,,Zeta Markets,2023-10-17 05:12:44.048324
20000.0,0.002,,,Zeta Markets,2023-10-17 05:12:44.048324
28146.6287,0.261,28146.6288,0.011,Zeta Markets,2023-10-17 06:19:06.901927
28138.4,0.177,28148.5877,0.073,Zeta Markets,2023-10-17 06:19:06.901927
28131.5867,0.516,28154.2186,0.183,Zeta Markets,2023-10-17 06:19:06.901927
28124.324,0.533,28176.7419,0.549,Zeta Markets,2023-10-17 06:19:06.901927
28097.8017,0.872,28210.5269,1.264,Zeta Markets,2023-10-17 06:19:06.901927
28096.171,0.533,28560.482,0.01,Zeta Markets,2023-10-17 06:19:06.901927
28068.019,0.71,28703.285,0.014,Zeta Markets,2023-10-17 06:19:06.901927
27716.33,0.01,28774.686,0.017,Zeta Markets,2023-10-17 06:19:06.901927
27577.749,0.014,28846.087,0.021,Zeta Markets,2023-10-17 06:19:06.901927
27508.458,0.017,28917.488,0.024,Zeta Markets,2023-10-17 06:19:06.901927
27439.167,0.021,29900.0,0.003,Zeta Markets,2023-10-17 06:19:06.901927
27369.876,0.024,,,Zeta Markets,2023-10-17 06:19:06.901927
20000.0,0.002,,,Zeta Markets,2023-10-17 06:19:06.901927
28235.8203,0.247,28235.8204,0.011,Zeta Markets,2023-10-17 07:13:23.096716
28221.2055,0.507,28238.6448,0.074,Zeta Markets,2023-10-17 07:13:23.096716
28187.3126,0.788,28244.2936,0.185,Zeta Markets,2023-10-17 07:13:23.096716
27810.388,0.01,28266.8889,0.555,Zeta Markets,2023-10-17 07:13:23.096716
27671.336,0.014,28300.7817,1.353,Zeta Markets,2023-10-17 07:13:23.096716
27601.81,0.017,28657.405,0.01,Zeta Markets,2023-10-17 07:13:23.096716
27532.284,0.021,28800.692,0.014,Zeta Markets,2023-10-17 07:13:23.096716
27462.758,0.024,28872.336,0.017,Zeta Markets,2023-10-17 07:13:23.096716
20000.0,0.002,28943.979,0.021,Zeta Markets,2023-10-17 07:13:23.096716
,,29015.623,0.024,Zeta Markets,2023-10-17 07:13:23.096716
,,29900.0,0.003,Zeta Markets,2023-10-17 07:13:23.096716
28401.711,0.076,28401.7111,0.273,Zeta Markets,2023-10-17 08:18:31.377825
28399.431,0.01,28420.6501,0.561,Zeta Markets,2023-10-17 08:18:31.377825
28396.5435,0.165,28454.7268,1.472,Zeta Markets,2023-10-17 08:18:31.377825
28388.07,0.176,28813.898,0.01,Zeta Markets,2023-10-17 08:18:31.377825
28373.869,0.528,28957.968,0.014,Zeta Markets,2023-10-17 08:18:31.377825
28373.8257,0.494,29030.002,0.017,Zeta Markets,2023-10-17 08:18:31.377825
28345.467,0.528,29102.037,0.021,Zeta Markets,2023-10-17 08:18:31.377825
28339.7491,0.678,29174.072,0.024,Zeta Markets,2023-10-17 08:18:31.377825
28317.064,0.704,29900.0,0.003,Zeta Markets,2023-10-17 08:18:31.377825
27962.256,0.01,,,Zeta Markets,2023-10-17 08:18:31.377825
27822.445,0.014,,,Zeta Markets,2023-10-17 08:18:31.377825
27752.539,0.017,,,Zeta Markets,2023-10-17 08:18:31.377825
27682.633,0.021,,,Zeta Markets,2023-10-17 08:18:31.377825
27612.728,0.024,,,Zeta Markets,2023-10-17 08:18:31.377825
20000.0,0.002,,,Zeta Markets,2023-10-17 08:18:31.377825
28386.273,0.413,28386.2731,0.076,Zeta Markets,2023-10-17 09:14:12.510307
28375.064,0.528,28391.7075,0.19,Zeta Markets,2023-10-17 09:14:12.510307
28370.487,0.487,28414.4206,0.569,Zeta Markets,2023-10-17 09:14:12.510307
28346.66,0.528,28448.4903,1.517,Zeta Markets,2023-10-17 09:14:12.510307
28336.4148,0.592,28815.134,0.01,Zeta Markets,2023-10-17 09:14:12.510307
28318.257,0.704,28959.209,0.014,Zeta Markets,2023-10-17 09:14:12.510307
27963.455,0.01,29031.247,0.017,Zeta Markets,2023-10-17 09:14:12.510307
27823.638,0.014,29103.285,0.021,Zeta Markets,2023-10-17 09:14:12.510307
27753.729,0.017,29175.323,0.024,Zeta Markets,2023-10-17 09:14:12.510307
27683.82,0.021,29900.0,0.003,Zeta Markets,2023-10-17 09:14:12.510307
27613.912,0.024,,,Zeta Markets,2023-10-17 09:14:12.510307
20000.0,0.002,,,Zeta Markets,2023-10-17 09:14:12.510307
0.0001,0.003,,,Zeta Markets,2023-10-17 09:14:12.510307
28456.538,0.416,28456.5381,0.282,Zeta Markets,2023-10-17 10:15:09.157851
28444.956,0.527,28479.0219,0.579,Zeta Markets,2023-10-17 10:15:09.157851
28442.5504,0.474,28513.1691,1.545,Zeta Markets,2023-10-17 10:15:09.157851
28416.483,0.527,28886.088,0.01,Zeta Markets,2023-10-17 10:15:09.157851
28408.3917,0.427,29030.519,0.014,Zeta Markets,2023-10-17 10:15:09.157851
28388.009,0.702,29102.734,0.017,Zeta Markets,2023-10-17 10:15:09.157851
28032.312,0.01,29174.949,0.021,Zeta Markets,2023-10-17 10:15:09.157851
27892.151,0.014,29247.164,0.024,Zeta Markets,2023-10-17 10:15:09.157851
27822.07,0.017,29900.0,0.003,Zeta Markets,2023-10-17 10:15:09.157851
27751.989,0.021,,,Zeta Markets,2023-10-17 10:15:09.157851
27681.908,0.024,,,Zeta Markets,2023-10-17 10:15:09.157851
20000.0,0.002,,,Zeta Markets,2023-10-17 10:15:09.157851
28436.9911,0.943,28436.9912,0.012,Zeta Markets,2023-10-17 11:11:51.958112
28436.5935,0.474,28439.8358,0.077,Zeta Markets,2023-10-17 11:11:51.958112
28411.684,0.527,28445.5248,0.193,Zeta Markets,2023-10-17 11:11:51.958112
28402.442,0.312,28468.2811,0.579,Zeta Markets,2023-10-17 11:11:51.958112
28383.215,0.702,28502.4155,1.545,Zeta Markets,2023-10-17 11:11:51.958112
28021.345,0.01,28874.787,0.01,Zeta Markets,2023-10-17 11:11:51.958112
27881.238,0.014,29019.161,0.014,Zeta Markets,2023-10-17 11:11:51.958112
27811.185,0.017,29091.348,0.017,Zeta Markets,2023-10-17 11:11:51.958112
27741.132,0.021,29163.535,0.021,Zeta Markets,2023-10-17 11:11:51.958112
27671.078,0.024,29235.722,0.024,Zeta Markets,2023-10-17 11:11:51.958112
20000.0,0.002,29900.0,0.003,Zeta Markets,2023-10-17 11:11:51.958112
28397.751,0.231,28397.7511,0.283,Zeta Markets,2023-10-17 12:27:31.197501
28397.744,0.01,28411.6709,0.581,Zeta Markets,2023-10-17 12:27:31.197501
28380.5075,0.475,28445.734,1.548,Zeta Markets,2023-10-17 12:27:31.197501
28375.022,0.176,29249.678,0.01,Zeta Markets,2023-10-17 12:27:31.197501
28346.618,0.528,29542.175,0.014,Zeta Markets,2023-10-17 12:27:31.197501
28346.4201,0.16,29688.423,0.017,Zeta Markets,2023-10-17 12:27:31.197501
28289.811,0.528,29834.671,0.021,Zeta Markets,2023-10-17 12:27:31.197501
28233.005,0.704,29900.0,0.003,Zeta Markets,2023-10-17 12:27:31.197501
27545.813,0.01,29980.92,0.024,Zeta Markets,2023-10-17 12:27:31.197501
27270.355,0.014,,,Zeta Markets,2023-10-17 12:27:31.197501
27132.626,0.017,,,Zeta Markets,2023-10-17 12:27:31.197501
26994.897,0.021,,,Zeta Markets,2023-10-17 12:27:31.197501
26857.168,0.024,,,Zeta Markets,2023-10-17 12:27:31.197501
20000.0,0.002,,,Zeta Markets,2023-10-17 12:27:31.197501
28300.7885,0.419,28300.7886,0.284,Zeta Markets,2023-10-17 13:17:52.213176
28293.324,0.529,28314.6241,0.582,Zeta Markets,2023-10-17 13:17:52.213176
28290.2873,0.477,28348.5734,1.553,Zeta Markets,2023-10-17 13:17:52.213176
28265.002,0.529,28732.104,0.01,Zeta Markets,2023-10-17 13:17:52.213176
28256.3107,0.048,28875.765,0.014,Zeta Markets,2023-10-17 13:17:52.213176
28236.68,0.706,28947.595,0.017,Zeta Markets,2023-10-17 13:17:52.213176
27882.879,0.01,29019.425,0.021,Zeta Markets,2023-10-17 13:17:52.213176
27743.465,0.014,29091.255,0.024,Zeta Markets,2023-10-17 13:17:52.213176
27673.758,0.017,29900.0,0.003,Zeta Markets,2023-10-17 13:17:52.213176
27604.05,0.021,,,Zeta Markets,2023-10-17 13:17:52.213176
27534.343,0.024,,,Zeta Markets,2023-10-17 13:17:52.213176
20000.0,0.002,,,Zeta Markets,2023-10-17 13:17:52.213176
28337.2064,1.337,28337.2065,0.09,Zeta Markets,2023-10-17 14:12:52.342561
28310.734,0.529,28342.7793,0.194,Zeta Markets,2023-10-17 14:12:52.342561
28282.367,0.705,28365.4524,0.581,Zeta Markets,2023-10-17 14:12:52.342561
27927.993,0.01,28399.4621,1.55,Zeta Markets,2023-10-17 14:12:52.342561
27788.353,0.014,28778.592,0.01,Zeta Markets,2023-10-17 14:12:52.342561
27718.533,0.017,28922.485,0.014,Zeta Markets,2023-10-17 14:12:52.342561
27648.713,0.021,28994.431,0.017,Zeta Markets,2023-10-17 14:12:52.342561
27578.893,0.024,29066.378,0.021,Zeta Markets,2023-10-17 14:12:52.342561
20000.0,0.002,29138.324,0.024,Zeta Markets,2023-10-17 14:12:52.342561
,,29900.0,0.003,Zeta Markets,2023-10-17 14:12:52.342561
28529.7838,0.94,28529.7839,0.089,Zeta Markets,2023-10-17 15:14:39.508201
28528.9284,0.237,28534.7343,0.193,Zeta Markets,2023-10-17 15:14:39.508201
28502.566,0.525,28557.5597,0.577,Zeta Markets,2023-10-17 15:14:39.508201
28474.006,0.7,28591.7979,1.54,Zeta Markets,2023-10-17 15:14:39.508201
28112.971,0.01,28969.204,0.01,Zeta Markets,2023-10-17 15:14:39.508201
27972.407,0.014,29114.05,0.014,Zeta Markets,2023-10-17 15:14:39.508201
27902.124,0.017,29186.473,0.017,Zeta Markets,2023-10-17 15:14:39.508201
27831.842,0.021,29258.896,0.021,Zeta Markets,2023-10-17 15:14:39.508201
27761.559,0.024,29331.319,0.024,Zeta Markets,2023-10-17 15:14:39.508201
20000.0,0.002,29900.0,0.003,Zeta Markets,2023-10-17 15:14:39.508201
0.0001,0.003,,,Zeta Markets,2023-10-17 15:14:39.508201
28480.5704,0.406,28480.5705,0.27,Zeta Markets,2023-10-17 16:18:27.474427
28476.909,0.526,28497.5267,0.579,Zeta Markets,2023-10-17 16:18:27.474427
28473.1514,0.1,28531.6954,1.543,Zeta Markets,2023-10-17 16:18:27.474427
28448.404,0.526,28917.552,0.01,Zeta Markets,2023-10-17 16:18:27.474427
28419.899,0.701,29062.139,0.014,Zeta Markets,2023-10-17 16:18:27.474427
28062.846,0.01,29134.433,0.017,Zeta Markets,2023-10-17 16:18:27.474427
27922.531,0.014,29206.727,0.021,Zeta Markets,2023-10-17 16:18:27.474427
27852.374,0.017,29279.021,0.024,Zeta Markets,2023-10-17 16:18:27.474427
27782.217,0.021,29900.0,0.003,Zeta Markets,2023-10-17 16:18:27.474427
27712.06,0.024,,,Zeta Markets,2023-10-17 16:18:27.474427
20000.0,0.002,,,Zeta Markets,2023-10-17 16:18:27.474427
28511.697,0.073,28511.6971,0.86,Zeta Markets,2023-10-17 17:12:22.054699
28510.9169,0.158,28545.6914,1.542,Zeta Markets,2023-10-17 17:12:22.054699
28509.152,0.01,28925.221,0.01,Zeta Markets,2023-10-17 17:12:22.054699
28497.747,0.175,29069.847,0.014,Zeta Markets,2023-10-17 17:12:22.054699
28488.108,0.12,29142.16,0.017,Zeta Markets,2023-10-17 17:12:22.054699
28483.491,0.526,29214.473,0.021,Zeta Markets,2023-10-17 17:12:22.054699
28454.979,0.526,29286.786,0.024,Zeta Markets,2023-10-17 17:12:22.054699
28426.467,0.701,29900.0,0.003,Zeta Markets,2023-10-17 17:12:22.054699
28070.288,0.01,,,Zeta Markets,2023-10-17 17:12:22.054699
27929.937,0.014,,,Zeta Markets,2023-10-17 17:12:22.054699
27859.761,0.017,,,Zeta Markets,2023-10-17 17:12:22.054699
27789.585,0.021,,,Zeta Markets,2023-10-17 17:12:22.054699
27719.41,0.024,,,Zeta Markets,2023-10-17 17:12:22.054699
20000.0,0.002,,,Zeta Markets,2023-10-17 17:12:22.054699
28455.0768,0.416,28455.0769,0.282,Zeta Markets,2023-10-17 18:18:57.521113
28448.2635,0.125,28472.5897,0.579,Zeta Markets,2023-10-17 18:18:57.521113
28442.805,0.527,28506.7285,1.544,Zeta Markets,2023-10-17 18:18:57.521113
28414.333,0.527,28883.903,0.01,Zeta Markets,2023-10-17 18:18:57.521113
28385.862,0.702,29028.323,0.014,Zeta Markets,2023-10-17 18:18:57.521113
28030.192,0.01,29100.532,0.017,Zeta Markets,2023-10-17 18:18:57.521113
27890.041,0.014,29172.742,0.021,Zeta Markets,2023-10-17 18:18:57.521113
27819.965,0.017,29244.952,0.024,Zeta Markets,2023-10-17 18:18:57.521113
27749.89,0.021,29900.0,0.003,Zeta Markets,2023-10-17 18:18:57.521113
27679.814,0.024,,,Zeta Markets,2023-10-17 18:18:57.521113
20000.0,0.002,,,Zeta Markets,2023-10-17 18:18:57.521113
28375.095,0.417,28375.0951,0.283,Zeta Markets,2023-10-17 19:11:04.956972
28367.7826,0.14,28391.3469,0.581,Zeta Markets,2023-10-17 19:11:04.956972
28362.398,0.528,28425.3887,1.549,Zeta Markets,2023-10-17 19:11:04.956972
28334.007,0.528,28802.25,0.01,Zeta Markets,2023-10-17 19:11:04.956972
28305.616,0.704,28946.261,0.014,Zeta Markets,2023-10-17 19:11:04.956972
27950.951,0.01,29018.266,0.017,Zeta Markets,2023-10-17 19:11:04.956972
27811.197,0.014,29090.272,0.021,Zeta Markets,2023-10-17 19:11:04.956972
27741.319,0.017,29162.278,0.024,Zeta Markets,2023-10-17 19:11:04.956972
27671.442,0.021,29900.0,0.003,Zeta Markets,2023-10-17 19:11:04.956972
27601.565,0.024,,,Zeta Markets,2023-10-17 19:11:04.956972
20000.0,0.002,,,Zeta Markets,2023-10-17 19:11:04.956972
28481.8463,1.093,28481.8464,0.089,Zeta Markets,2023-10-17 20:14:30.089310
28455.148,0.526,28484.0833,0.193,Zeta Markets,2023-10-17 20:14:30.089310
28426.636,0.701,28506.8699,0.578,Zeta Markets,2023-10-17 20:14:30.089310
28070.484,0.01,28541.0499,1.542,Zeta Markets,2023-10-17 20:14:30.089310
27930.132,0.014,28925.423,0.01,Zeta Markets,2023-10-17 20:14:30.089310
27859.956,0.017,29070.05,0.014,Zeta Markets,2023-10-17 20:14:30.089310
27789.779,0.021,29142.363,0.017,Zeta Markets,2023-10-17 20:14:30.089310
27719.603,0.024,29214.677,0.021,Zeta Markets,2023-10-17 20:14:30.089310
20000.0,0.002,29286.991,0.024,Zeta Markets,2023-10-17 20:14:30.089310
,,29900.0,0.003,Zeta Markets,2023-10-17 20:14:30.089310
28460.2771,1.108,28460.2772,0.012,Zeta Markets,2023-10-17 21:12:05.584610
28432.57,0.526,28460.63,0.077,Zeta Markets,2023-10-17 21:12:05.584610
28404.08,0.702,28466.3231,0.193,Zeta Markets,2023-10-17 21:12:05.584610
28048.182,0.01,28489.0953,0.579,Zeta Markets,2023-10-17 21:12:05.584610
27907.941,0.014,28523.2536,1.543,Zeta Markets,2023-10-17 21:12:05.584610
27837.82,0.017,28902.441,0.01,Zeta Markets,2023-10-17 21:12:05.584610
27767.7,0.021,29046.953,0.014,Zeta Markets,2023-10-17 21:12:05.584610
27697.579,0.024,29119.209,0.017,Zeta Markets,2023-10-17 21:12:05.584610
20000.0,0.002,29191.465,0.021,Zeta Markets,2023-10-17 21:12:05.584610
,,29263.722,0.024,Zeta Markets,2023-10-17 21:12:05.584610
,,29900.0,0.003,Zeta Markets,2023-10-17 21:12:05.584610
28435.908,0.241,28435.9081,0.282,Zeta Markets,2023-10-17 22:12:56.276767
28431.979,0.175,28436.1672,0.58,Zeta Markets,2023-10-17 22:12:56.276767
28417.755,0.527,28470.2633,1.546,Zeta Markets,2023-10-17 22:12:56.276767
28413.4031,0.188,28858.465,0.01,Zeta Markets,2023-10-17 22:12:56.276767
28389.309,0.527,29002.758,0.014,Zeta Markets,2023-10-17 22:12:56.276767
28360.863,0.703,29074.904,0.017,Zeta Markets,2023-10-17 22:12:56.276767
28005.506,0.01,29147.05,0.021,Zeta Markets,2023-10-17 22:12:56.276767
27865.478,0.014,29219.196,0.024,Zeta Markets,2023-10-17 22:12:56.276767
27795.465,0.017,29900.0,0.003,Zeta Markets,2023-10-17 22:12:56.276767
27725.451,0.021,,,Zeta Markets,2023-10-17 22:12:56.276767
27655.437,0.024,,,Zeta Markets,2023-10-17 22:12:56.276767
20000.0,0.002,,,Zeta Markets,2023-10-17 22:12:56.276767
0.0001,0.003,,,Zeta Markets,2023-10-17 22:12:56.276767
28422.227,0.416,28422.2271,0.282,Zeta Markets,2023-10-17 23:13:09.246112
28408.049,0.527,28425.9207,0.58,Zeta Markets,2023-10-17 23:13:09.246112
28402.9767,0.218,28460.0044,1.547,Zeta Markets,2023-10-17 23:13:09.246112
28379.613,0.527,28848.609,0.01,Zeta Markets,2023-10-17 23:13:09.246112
28351.176,0.703,28992.852,0.014,Zeta Markets,2023-10-17 23:13:09.246112
27995.94,0.01,29064.973,0.017,Zeta Markets,2023-10-17 23:13:09.246112
27855.961,0.014,29137.095,0.021,Zeta Markets,2023-10-17 23:13:09.246112
27785.971,0.017,29209.216,0.024,Zeta Markets,2023-10-17 23:13:09.246112
27715.981,0.021,29900.0,0.003,Zeta Markets,2023-10-17 23:13:09.246112
27645.991,0.024,,,Zeta Markets,2023-10-17 23:13:09.246112
20000.0,0.002,,,Zeta Markets,2023-10-17 23:13:09.246112
28358.3362,0.239,28358.3363,0.087,Zeta Markets,2023-10-18 01:00:34.248558
28355.015,0.01,28360.2263,0.189,Zeta Markets,2023-10-18 01:00:34.248558
28343.672,0.176,28382.9142,0.566,Zeta Markets,2023-10-18 01:00:34.248558
28336.9685,0.491,28416.9462,1.51,Zeta Markets,2023-10-18 01:00:34.248558
28329.493,0.529,28772.412,0.01,Zeta Markets,2023-10-18 01:00:34.248558
28302.9365,0.777,28916.274,0.014,Zeta Markets,2023-10-18 01:00:34.248558
28301.135,0.529,28988.205,0.017,Zeta Markets,2023-10-18 01:00:34.248558
28272.777,0.705,29060.136,0.021,Zeta Markets,2023-10-18 01:00:34.248558
27921.996,0.01,29132.067,0.024,Zeta Markets,2023-10-18 01:00:34.248558
27782.386,0.014,29900.0,0.003,Zeta Markets,2023-10-18 01:00:34.248558
27712.581,0.017,,,Zeta Markets,2023-10-18 01:00:34.248558
27642.776,0.021,,,Zeta Markets,2023-10-18 01:00:34.248558
27572.971,0.024,,,Zeta Markets,2023-10-18 01:00:34.248558
20000.0,0.002,,,Zeta Markets,2023-10-18 01:00:34.248558
28335.7421,0.259,28335.7422,0.03,Zeta Markets,2023-10-18 01:56:07.239015
28321.19,0.491,28338.5562,0.076,Zeta Markets,2023-10-18 01:56:07.239015
28287.1772,0.785,28344.225,0.189,Zeta Markets,2023-10-18 01:56:07.239015
27904.215,0.01,28366.9002,0.566,Zeta Markets,2023-10-18 01:56:07.239015
27764.694,0.014,28400.9131,1.51,Zeta Markets,2023-10-18 01:56:07.239015
27694.933,0.017,28754.089,0.01,Zeta Markets,2023-10-18 01:56:07.239015
27625.173,0.021,28897.86,0.014,Zeta Markets,2023-10-18 01:56:07.239015
27555.412,0.024,28969.745,0.017,Zeta Markets,2023-10-18 01:56:07.239015
20000.0,0.002,29041.63,0.021,Zeta Markets,2023-10-18 01:56:07.239015
,,29113.516,0.024,Zeta Markets,2023-10-18 01:56:07.239015
,,29900.0,0.003,Zeta Markets,2023-10-18 01:56:07.239015
28390.2892,0.249,28390.2893,0.086,Zeta Markets,2023-10-18 02:21:47.436246
28380.56,0.176,28393.772,0.188,Zeta Markets,2023-10-18 02:21:47.436246
28370.2892,0.491,28416.4867,0.565,Zeta Markets,2023-10-18 02:21:47.436246
28366.363,0.528,28450.5588,1.507,Zeta Markets,2023-10-18 02:21:47.436246
28337.968,0.528,28806.276,0.01,Zeta Markets,2023-10-18 02:21:47.436246
28336.2172,0.791,28950.307,0.014,Zeta Markets,2023-10-18 02:21:47.436246
28309.574,0.704,29022.323,0.017,Zeta Markets,2023-10-18 02:21:47.436246
27954.859,0.01,29094.339,0.021,Zeta Markets,2023-10-18 02:21:47.436246
27815.085,0.014,29166.355,0.024,Zeta Markets,2023-10-18 02:21:47.436246
27745.198,0.017,29900.0,0.003,Zeta Markets,2023-10-18 02:21:47.436246
27675.31,0.021,,,Zeta Markets,2023-10-18 02:21:47.436246
27605.423,0.024,,,Zeta Markets,2023-10-18 02:21:47.436246
20000.0,0.002,,,Zeta Markets,2023-10-18 02:21:47.436246
28450.324,0.248,28450.3241,0.011,Zeta Markets,2023-10-18 03:14:03.740257
28446.451,0.175,28450.6584,0.075,Zeta Markets,2023-10-18 03:14:03.740257
28432.221,0.527,28456.3495,0.188,Zeta Markets,2023-10-18 03:14:03.740257
28431.9552,0.49,28479.114,0.563,Zeta Markets,2023-10-18 03:14:03.740257
28403.76,0.527,28513.2606,1.502,Zeta Markets,2023-10-18 03:14:03.740257
28397.8086,0.821,28869.889,0.01,Zeta Markets,2023-10-18 03:14:03.740257
28375.3,0.703,29014.239,0.014,Zeta Markets,2023-10-18 03:14:03.740257
28016.592,0.01,29086.414,0.017,Zeta Markets,2023-10-18 03:14:03.740257
27876.509,0.014,29158.588,0.021,Zeta Markets,2023-10-18 03:14:03.740257
27806.468,0.017,29230.763,0.024,Zeta Markets,2023-10-18 03:14:03.740257
27736.426,0.021,29900.0,0.003,Zeta Markets,2023-10-18 03:14:03.740257
27666.385,0.024,,,Zeta Markets,2023-10-18 03:14:03.740257
20000.0,0.002,,,Zeta Markets,2023-10-18 03:14:03.740257
0.0001,0.003,,,Zeta Markets,2023-10-18 03:14:03.740257
28474.42,0.249,28474.4201,0.011,Zeta Markets,2023-10-18 04:16:26.549298
28466.566,0.175,28477.1373,0.075,Zeta Markets,2023-10-18 04:16:26.549298
28458.8182,0.49,28482.8337,0.187,Zeta Markets,2023-10-18 04:16:26.549298
28452.325,0.526,28505.6195,0.562,Zeta Markets,2023-10-18 04:16:26.549298
28424.6396,0.841,28539.7982,1.499,Zeta Markets,2023-10-18 04:16:26.549298
28423.845,0.526,28893.571,0.01,Zeta Markets,2023-10-18 04:16:26.549298
28395.364,0.702,29038.039,0.014,Zeta Markets,2023-10-18 04:16:26.549298
28039.574,0.01,29110.273,0.017,Zeta Markets,2023-10-18 04:16:26.549298
27899.376,0.014,29182.507,0.021,Zeta Markets,2023-10-18 04:16:26.549298
27829.277,0.017,29254.741,0.024,Zeta Markets,2023-10-18 04:16:26.549298
27759.178,0.021,29900.0,0.003,Zeta Markets,2023-10-18 04:16:26.549298
27689.08,0.024,,,Zeta Markets,2023-10-18 04:16:26.549298
20000.0,0.002,,,Zeta Markets,2023-10-18 04:16:26.549298
0.0001,0.003,,,Zeta Markets,2023-10-18 04:16:26.549298
28651.8495,0.237,28651.8496,0.011,Zeta Markets,2023-10-18 05:12:58.356742
28650.667,0.01,28654.7155,0.075,Zeta Markets,2023-10-18 05:12:58.356742
28633.6697,0.487,28660.4472,0.186,Zeta Markets,2023-10-18 05:12:58.356742
28627.742,0.174,28683.374,0.559,Zeta Markets,2023-10-18 05:12:58.356742
28599.2795,0.852,28717.7642,1.49,Zeta Markets,2023-10-18 05:12:58.356742
28599.086,0.523,29510.188,0.01,Zeta Markets,2023-10-18 05:12:58.356742
28541.773,0.523,29805.29,0.013,Zeta Markets,2023-10-18 05:12:58.356742
28484.46,0.698,29900.0,0.003,Zeta Markets,2023-10-18 05:12:58.356742
27791.148,0.01,29952.841,0.017,Zeta Markets,2023-10-18 05:12:58.356742
27513.237,0.013,30100.392,0.02,Zeta Markets,2023-10-18 05:12:58.356742
27374.281,0.017,30247.943,0.024,Zeta Markets,2023-10-18 05:12:58.356742
27235.325,0.02,,,Zeta Markets,2023-10-18 05:12:58.356742
27096.37,0.024,,,Zeta Markets,2023-10-18 05:12:58.356742
20000.0,0.002,,,Zeta Markets,2023-10-18 05:12:58.356742
28717.471,0.247,28717.4711,0.085,Zeta Markets,2023-10-18 06:18:48.898863
28708.297,0.174,28720.6907,0.186,Zeta Markets,2023-10-18 06:18:48.898863
28696.2665,0.486,28743.6667,0.558,Zeta Markets,2023-10-18 06:18:48.898863
28693.936,0.522,28778.1307,1.488,Zeta Markets,2023-10-18 06:18:48.898863
28665.213,0.522,29136.542,0.01,Zeta Markets,2023-10-18 06:18:48.898863
28661.8026,0.844,29282.224,0.013,Zeta Markets,2023-10-18 06:18:48.898863
28636.49,0.696,29355.066,0.017,Zeta Markets,2023-10-18 06:18:48.898863
28275.363,0.01,29427.907,0.02,Zeta Markets,2023-10-18 06:18:48.898863
28133.986,0.013,29500.748,0.024,Zeta Markets,2023-10-18 06:18:48.898863
28063.298,0.017,29900.0,0.003,Zeta Markets,2023-10-18 06:18:48.898863
27992.609,0.02,,,Zeta Markets,2023-10-18 06:18:48.898863
27921.921,0.024,,,Zeta Markets,2023-10-18 06:18:48.898863
20000.0,0.002,,,Zeta Markets,2023-10-18 06:18:48.898863
28566.8818,0.238,28566.8819,0.011,Zeta Markets,2023-10-18 07:12:59.883717
28566.7653,0.01,28569.7394,0.075,Zeta Markets,2023-10-18 07:12:59.883717
28561.062,0.175,28575.4545,0.187,Zeta Markets,2023-10-18 07:12:59.883717
28552.22,0.49,28598.3147,0.56,Zeta Markets,2023-10-18 07:12:59.883717
28546.774,0.525,28632.605,1.492,Zeta Markets,2023-10-18 07:12:59.883717
28518.199,0.525,28989.485,0.01,Zeta Markets,2023-10-18 07:12:59.883717
28517.9297,0.872,29134.432,0.014,Zeta Markets,2023-10-18 07:12:59.883717
28489.623,0.7,29206.906,0.017,Zeta Markets,2023-10-18 07:12:59.883717
28132.653,0.01,29279.38,0.021,Zeta Markets,2023-10-18 07:12:59.883717
27991.989,0.014,29351.853,0.024,Zeta Markets,2023-10-18 07:12:59.883717
27921.658,0.017,29900.0,0.003,Zeta Markets,2023-10-18 07:12:59.883717
27851.326,0.021,,,Zeta Markets,2023-10-18 07:12:59.883717
27780.995,0.024,,,Zeta Markets,2023-10-18 07:12:59.883717
20000.0,0.002,,,Zeta Markets,2023-10-18 07:12:59.883717
28531.8373,0.25,28531.8374,0.011,Zeta Markets,2023-10-18 09:14:06.223808
28521.879,0.175,28534.6581,0.075,Zeta Markets,2023-10-18 09:14:06.223808
28516.424,0.492,28540.366,0.186,Zeta Markets,2023-10-18 09:14:06.223808
28507.611,0.525,28563.1979,0.559,Zeta Markets,2023-10-18 09:14:06.223808
28482.1762,0.931,28597.4457,1.489,Zeta Markets,2023-10-18 09:14:06.223808
28479.075,0.525,28949.705,0.01,Zeta Markets,2023-10-18 09:14:06.223808
28450.539,0.701,29094.454,0.014,Zeta Markets,2023-10-18 09:14:06.223808
28094.049,0.01,29166.828,0.017,Zeta Markets,2023-10-18 09:14:06.223808
27953.579,0.014,29239.202,0.021,Zeta Markets,2023-10-18 09:14:06.223808
27883.344,0.017,29311.577,0.024,Zeta Markets,2023-10-18 09:14:06.223808
27813.109,0.021,29900.0,0.003,Zeta Markets,2023-10-18 09:14:06.223808
27742.873,0.024,,,Zeta Markets,2023-10-18 09:14:06.223808
20000.0,0.002,,,Zeta Markets,2023-10-18 09:14:06.223808
28373.1824,0.251,28373.1825,0.011,Zeta Markets,2023-10-18 10:14:40.032068
28364.111,0.176,28376.0206,0.075,Zeta Markets,2023-10-18 10:14:40.032068
28357.8158,0.496,28381.6968,0.187,Zeta Markets,2023-10-18 10:14:40.032068
28349.921,0.528,28404.4017,0.561,Zeta Markets,2023-10-18 10:14:40.032068
28323.7585,0.952,28438.459,1.495,Zeta Markets,2023-10-18 10:14:40.032068
28321.543,0.528,28784.956,0.01,Zeta Markets,2023-10-18 10:14:40.032068
28293.165,0.705,28928.881,0.014,Zeta Markets,2023-10-18 10:14:40.032068
27934.169,0.01,29000.843,0.017,Zeta Markets,2023-10-18 10:14:40.032068
27794.498,0.014,29072.806,0.021,Zeta Markets,2023-10-18 10:14:40.032068
27724.663,0.017,29144.768,0.024,Zeta Markets,2023-10-18 10:14:40.032068
27654.828,0.021,29900.0,0.003,Zeta Markets,2023-10-18 10:14:40.032068
27584.992,0.024,,,Zeta Markets,2023-10-18 10:14:40.032068
20000.0,0.002,,,Zeta Markets,2023-10-18 10:14:40.032068
28326.414,0.242,28328.5996,0.075,Zeta Markets,2023-10-18 11:11:43.387664
28315.082,0.176,28334.2663,0.187,Zeta Markets,2023-10-18 11:11:43.387664
28309.4073,0.496,28356.9328,0.562,Zeta Markets,2023-10-18 11:11:43.387664
28300.918,0.529,28390.9326,1.498,Zeta Markets,2023-10-18 11:11:43.387664
28275.4075,0.943,28739.816,0.01,Zeta Markets,2023-10-18 11:11:43.387664
28272.588,0.529,28883.515,0.014,Zeta Markets,2023-10-18 11:11:43.387664
28244.259,0.706,28955.364,0.017,Zeta Markets,2023-10-18 11:11:43.387664
27890.363,0.01,29027.214,0.021,Zeta Markets,2023-10-18 11:11:43.387664
27750.911,0.014,29099.063,0.024,Zeta Markets,2023-10-18 11:11:43.387664
27681.185,0.017,29900.0,0.003,Zeta Markets,2023-10-18 11:11:43.387664
27611.459,0.021,,,Zeta Markets,2023-10-18 11:11:43.387664
27541.733,0.024,,,Zeta Markets,2023-10-18 11:11:43.387664
20000.0,0.002,,,Zeta Markets,2023-10-18 11:11:43.387664
28352.0069,0.248,28352.007,0.011,Zeta Markets,2023-10-18 12:27:23.373654
28341.373,0.176,28354.843,0.075,Zeta Markets,2023-10-18 12:27:23.373654
28336.6773,0.496,28360.515,0.187,Zeta Markets,2023-10-18 12:27:23.373654
28327.195,0.529,28383.2029,0.561,Zeta Markets,2023-10-18 12:27:23.373654
28302.6454,0.96,28417.2349,1.496,Zeta Markets,2023-10-18 12:27:23.373654
28298.84,0.529,28766.501,0.01,Zeta Markets,2023-10-18 12:27:23.373654
28270.484,0.705,28910.333,0.014,Zeta Markets,2023-10-18 12:27:23.373654
27916.26,0.01,28982.25,0.017,Zeta Markets,2023-10-18 12:27:23.373654
27776.678,0.014,29054.166,0.021,Zeta Markets,2023-10-18 12:27:23.373654
27706.888,0.017,29126.082,0.024,Zeta Markets,2023-10-18 12:27:23.373654
27637.097,0.021,29900.0,0.003,Zeta Markets,2023-10-18 12:27:23.373654
27567.306,0.024,,,Zeta Markets,2023-10-18 12:27:23.373654
20000.0,0.002,,,Zeta Markets,2023-10-18 12:27:23.373654
28316.4849,0.252,28316.485,0.011,Zeta Markets,2023-10-18 13:17:47.575257
28309.245,0.176,28319.3175,0.075,Zeta Markets,2023-10-18 13:17:47.575257
28301.7341,0.497,28324.9824,0.187,Zeta Markets,2023-10-18 13:17:47.575257
28295.083,0.529,28347.6422,0.561,Zeta Markets,2023-10-18 13:17:47.575257
28267.7444,0.962,28381.6318,1.497,Zeta Markets,2023-10-18 13:17:47.575257
28266.759,0.529,28731.389,0.01,Zeta Markets,2023-10-18 13:17:47.575257
28238.436,0.706,28875.046,0.014,Zeta Markets,2023-10-18 13:17:47.575257
27882.185,0.01,28946.874,0.017,Zeta Markets,2023-10-18 13:17:47.575257
27742.774,0.014,29018.703,0.021,Zeta Markets,2023-10-18 13:17:47.575257
27673.069,0.017,29090.531,0.024,Zeta Markets,2023-10-18 13:17:47.575257
27603.363,0.021,29900.0,0.003,Zeta Markets,2023-10-18 13:17:47.575257
27533.658,0.024,,,Zeta Markets,2023-10-18 13:17:47.575257
20000.0,0.002,,,Zeta Markets,2023-10-18 13:17:47.575257
28267.8769,0.243,28267.877,0.011,Zeta Markets,2023-10-18 14:13:05.280500
28253.0103,0.499,28270.7046,0.075,Zeta Markets,2023-10-18 14:13:05.280500
28219.0791,0.984,28276.3598,0.187,Zeta Markets,2023-10-18 14:13:05.280500
27158.063,0.01,28298.9806,0.562,Zeta Markets,2023-10-18 14:13:05.280500
26060.767,0.176,28332.9118,1.498,Zeta Markets,2023-10-18 14:13:05.280500
24689.148,0.53,29900.0,0.003,Zeta Markets,2023-10-18 14:13:05.280500
21945.909,0.53,34615.445,0.01,Zeta Markets,2023-10-18 14:13:05.280500
21899.567,0.01,37211.603,0.014,Zeta Markets,2023-10-18 14:13:05.280500
20257.099,0.014,38509.683,0.017,Zeta Markets,2023-10-18 14:13:05.280500
20000.0,0.002,39807.762,0.021,Zeta Markets,2023-10-18 14:13:05.280500
19435.866,0.017,41105.841,0.024,Zeta Markets,2023-10-18 14:13:05.280500
19202.671,0.707,,,Zeta Markets,2023-10-18 14:13:05.280500
18614.632,0.021,,,Zeta Markets,2023-10-18 14:13:05.280500
17793.398,0.024,,,Zeta Markets,2023-10-18 14:13:05.280500
28223.7398,0.254,28223.7399,0.011,Zeta Markets,2023-10-18 15:14:32.047147
28214.051,0.177,28226.5631,0.075,Zeta Markets,2023-10-18 15:14:32.047147
28207.8453,0.5,28232.2093,0.187,Zeta Markets,2023-10-18 15:14:32.047147
28199.937,0.531,28254.7944,0.562,Zeta Markets,2023-10-18 15:14:32.047147
28173.9677,0.997,28288.672,1.499,Zeta Markets,2023-10-18 15:14:32.047147
28171.709,0.531,28637.269,0.01,Zeta Markets,2023-10-18 15:14:32.047147
28143.481,0.708,28780.456,0.014,Zeta Markets,2023-10-18 15:14:32.047147
27790.847,0.01,28852.049,0.017,Zeta Markets,2023-10-18 15:14:32.047147
27651.893,0.014,28923.642,0.021,Zeta Markets,2023-10-18 15:14:32.047147
27582.416,0.017,28995.235,0.024,Zeta Markets,2023-10-18 15:14:32.047147
27512.939,0.021,29900.0,0.003,Zeta Markets,2023-10-18 15:14:32.047147
27443.462,0.024,,,Zeta Markets,2023-10-18 15:14:32.047147
20000.0,0.002,,,Zeta Markets,2023-10-18 15:14:32.047147
28313.982,0.253,28313.9821,0.086,Zeta Markets,2023-10-18 16:18:35.816179
28305.597,0.176,28319.0274,0.187,Zeta Markets,2023-10-18 16:18:35.816179
28294.5166,0.499,28341.6819,0.56,Zeta Markets,2023-10-18 16:18:35.816179
28291.437,0.529,28375.6636,1.494,Zeta Markets,2023-10-18 16:18:35.816179
28263.117,0.529,28730.188,0.01,Zeta Markets,2023-10-18 16:18:35.816179
28260.5349,1.009,28873.839,0.014,Zeta Markets,2023-10-18 16:18:35.816179
28234.797,0.706,28945.664,0.017,Zeta Markets,2023-10-18 16:18:35.816179
27881.02,0.01,29017.49,0.021,Zeta Markets,2023-10-18 16:18:35.816179
27741.614,0.014,29089.315,0.024,Zeta Markets,2023-10-18 16:18:35.816179
27671.912,0.017,29900.0,0.003,Zeta Markets,2023-10-18 16:18:35.816179
27602.209,0.021,,,Zeta Markets,2023-10-18 16:18:35.816179
27532.507,0.024,,,Zeta Markets,2023-10-18 16:18:35.816179
20000.0,0.002,,,Zeta Markets,2023-10-18 16:18:35.816179
28387.9303,0.253,28387.9304,0.021,Zeta Markets,2023-10-18 17:12:39.267753
28372.6312,0.498,28390.712,0.074,Zeta Markets,2023-10-18 17:12:39.267753
28338.5561,1.028,28396.3912,0.186,Zeta Markets,2023-10-18 17:12:39.267753
27961.502,0.01,28419.1079,0.558,Zeta Markets,2023-10-18 17:12:39.267753
27821.694,0.014,28453.1829,1.488,Zeta Markets,2023-10-18 17:12:39.267753
27751.791,0.017,28813.121,0.01,Zeta Markets,2023-10-18 17:12:39.267753
27681.887,0.021,28957.187,0.014,Zeta Markets,2023-10-18 17:12:39.267753
27611.983,0.024,29029.22,0.017,Zeta Markets,2023-10-18 17:12:39.267753
20000.0,0.002,29101.253,0.021,Zeta Markets,2023-10-18 17:12:39.267753
0.0001,0.003,29173.285,0.024,Zeta Markets,2023-10-18 17:12:39.267753
,,29900.0,0.003,Zeta Markets,2023-10-18 17:12:39.267753
28348.65,0.253,28348.6501,0.011,Zeta Markets,2023-10-18 18:18:39.858969
28337.35,0.176,28349.1847,0.075,Zeta Markets,2023-10-18 18:18:39.858969
28330.5319,0.499,28354.8555,0.186,Zeta Markets,2023-10-18 18:18:39.858969
28323.174,0.529,28377.5388,0.559,Zeta Markets,2023-10-18 18:18:39.858969
28296.507,1.03,28411.5636,1.49,Zeta Markets,2023-10-18 18:18:39.858969
28294.822,0.529,28762.417,0.01,Zeta Markets,2023-10-18 18:18:39.858969
28266.471,0.705,28906.229,0.014,Zeta Markets,2023-10-18 18:18:39.858969
27912.296,0.01,28978.135,0.017,Zeta Markets,2023-10-18 18:18:39.858969
27772.735,0.014,29050.041,0.021,Zeta Markets,2023-10-18 18:18:39.858969
27702.954,0.017,29121.947,0.024,Zeta Markets,2023-10-18 18:18:39.858969
27633.173,0.021,29900.0,0.003,Zeta Markets,2023-10-18 18:18:39.858969
27563.393,0.024,,,Zeta Markets,2023-10-18 18:18:39.858969
20000.0,0.002,,,Zeta Markets,2023-10-18 18:18:39.858969
28243.3347,0.254,28243.3348,0.011,Zeta Markets,2023-10-18 19:11:46.910207
28237.887,0.177,28246.16,0.075,Zeta Markets,2023-10-18 19:11:46.910207
28228.7693,0.501,28251.8103,0.187,Zeta Markets,2023-10-18 19:11:46.910207
28223.761,0.531,28271.783,0.01,Zeta Markets,2023-10-18 19:11:46.910207
28195.509,0.531,28274.4116,0.56,Zeta Markets,2023-10-18 19:11:46.910207
28194.8674,1.042,28283.091,0.177,Zeta Markets,2023-10-18 19:11:46.910207
28167.257,0.708,28297.225,0.531,Zeta Markets,2023-10-18 19:11:46.910207
27814.326,0.01,28308.3135,1.494,Zeta Markets,2023-10-18 19:11:46.910207
27675.254,0.014,28325.494,0.531,Zeta Markets,2023-10-18 19:11:46.910207
27605.719,0.017,28353.763,0.708,Zeta Markets,2023-10-18 19:11:46.910207
27536.183,0.021,28661.463,0.01,Zeta Markets,2023-10-18 19:11:46.910207
27466.647,0.024,28804.77,0.014,Zeta Markets,2023-10-18 19:11:46.910207
20000.0,0.002,28876.424,0.017,Zeta Markets,2023-10-18 19:11:46.910207
,,28948.078,0.021,Zeta Markets,2023-10-18 19:11:46.910207
,,29019.731,0.024,Zeta Markets,2023-10-18 19:11:46.910207
,,29900.0,0.003,Zeta Markets,2023-10-18 19:11:46.910207
28257.679,0.254,28257.6791,0.011,Zeta Markets,2023-10-18 20:14:14.751983
28255.752,0.176,28259.98,0.075,Zeta Markets,2023-10-18 20:14:14.751983
28241.618,0.53,28265.6329,0.186,Zeta Markets,2023-10-18 20:14:14.751983
28240.9037,0.502,28288.2445,0.559,Zeta Markets,2023-10-18 20:14:14.751983
28213.348,0.53,28289.67,0.01,Zeta Markets,2023-10-18 20:14:14.751983
28206.9863,1.089,28300.984,0.176,Zeta Markets,2023-10-18 20:14:14.751983
28185.078,0.707,28315.128,0.53,Zeta Markets,2023-10-18 20:14:14.751983
27831.923,0.01,28322.162,1.49,Zeta Markets,2023-10-18 20:14:14.751983
27692.764,0.014,28343.415,0.53,Zeta Markets,2023-10-18 20:14:14.751983
27623.184,0.017,28371.701,0.707,Zeta Markets,2023-10-18 20:14:14.751983
27553.604,0.021,28679.596,0.01,Zeta Markets,2023-10-18 20:14:14.751983
27484.024,0.024,28822.994,0.014,Zeta Markets,2023-10-18 20:14:14.751983
20000.0,0.002,28894.693,0.017,Zeta Markets,2023-10-18 20:14:14.751983
,,28966.392,0.021,Zeta Markets,2023-10-18 20:14:14.751983
,,29038.091,0.024,Zeta Markets,2023-10-18 20:14:14.751983
,,29900.0,0.003,Zeta Markets,2023-10-18 20:14:14.751983
28226.701,0.255,28226.7011,0.085,Zeta Markets,2023-10-18 21:12:00.768313
28215.409,0.177,28229.9322,0.186,Zeta Markets,2023-10-18 21:12:00.768313
28206.9304,0.504,28249.278,0.01,Zeta Markets,2023-10-18 21:12:00.768313
28201.294,0.531,28252.516,0.558,Zeta Markets,2023-10-18 21:12:00.768313
28173.065,0.531,28260.576,0.177,Zeta Markets,2023-10-18 21:12:00.768313
28173.0548,1.125,28274.7,0.531,Zeta Markets,2023-10-18 21:12:00.768313
28144.835,0.708,28286.3917,1.489,Zeta Markets,2023-10-18 21:12:00.768313
27792.185,0.01,28302.946,0.531,Zeta Markets,2023-10-18 21:12:00.768313
27653.224,0.014,28331.193,0.708,Zeta Markets,2023-10-18 21:12:00.768313
27583.744,0.017,28638.647,0.01,Zeta Markets,2023-10-18 21:12:00.768313
27514.263,0.021,28781.841,0.014,Zeta Markets,2023-10-18 21:12:00.768313
27444.783,0.024,28853.437,0.017,Zeta Markets,2023-10-18 21:12:00.768313
20000.0,0.002,28925.034,0.021,Zeta Markets,2023-10-18 21:12:00.768313
,,28996.631,0.024,Zeta Markets,2023-10-18 21:12:00.768313
,,29900.0,0.003,Zeta Markets,2023-10-18 21:12:00.768313
28309.2569,0.248,28309.257,0.011,Zeta Markets,2023-10-18 22:12:34.212692
28299.16,0.01,28312.0885,0.073,Zeta Markets,2023-10-18 22:12:34.212692
28290.0996,0.51,28317.7516,0.183,Zeta Markets,2023-10-18 22:12:34.212692
28276.517,0.176,28340.4038,0.549,Zeta Markets,2023-10-18 22:12:34.212692
28256.1213,1.164,28344.448,0.01,Zeta Markets,2023-10-18 22:12:34.212692
28248.212,0.53,28367.119,0.176,Zeta Markets,2023-10-18 22:12:34.212692
28191.602,0.53,28374.3821,1.464,Zeta Markets,2023-10-18 22:12:34.212692
28134.993,0.706,28395.458,0.53,Zeta Markets,2023-10-18 22:12:34.212692
27450.187,0.01,28452.136,0.53,Zeta Markets,2023-10-18 22:12:34.212692
27175.685,0.014,28508.813,0.706,Zeta Markets,2023-10-18 22:12:34.212692
27038.434,0.017,29148.136,0.01,Zeta Markets,2023-10-18 22:12:34.212692
26901.183,0.021,29439.618,0.014,Zeta Markets,2023-10-18 22:12:34.212692
26763.932,0.024,29585.359,0.017,Zeta Markets,2023-10-18 22:12:34.212692
20000.0,0.002,29731.099,0.021,Zeta Markets,2023-10-18 22:12:34.212692
,,29876.84,0.024,Zeta Markets,2023-10-18 22:12:34.212692
,,29900.0,0.003,Zeta Markets,2023-10-18 22:12:34.212692
28317.6507,0.248,28317.6508,0.011,Zeta Markets,2023-10-18 23:13:23.970960
28317.219,0.01,28320.4834,0.073,Zeta Markets,2023-10-18 23:13:23.970960
28308.738,0.176,28326.1486,0.183,Zeta Markets,2023-10-18 23:13:23.970960
28302.8991,0.51,28342.719,0.01,Zeta Markets,2023-10-18 23:13:23.970960
28294.577,0.529,28348.8093,0.548,Zeta Markets,2023-10-18 23:13:23.970960
28268.9081,1.18,28354.055,0.176,Zeta Markets,2023-10-18 23:13:23.970960
28266.254,0.529,28368.225,0.529,Zeta Markets,2023-10-18 23:13:23.970960
28237.931,0.706,28382.8003,1.463,Zeta Markets,2023-10-18 23:13:23.970960
27884.114,0.01,28396.565,0.529,Zeta Markets,2023-10-18 23:13:23.970960
27744.694,0.014,28424.905,0.706,Zeta Markets,2023-10-18 23:13:23.970960
27674.983,0.017,28733.377,0.01,Zeta Markets,2023-10-18 23:13:23.970960
27605.273,0.021,28877.043,0.014,Zeta Markets,2023-10-18 23:13:23.970960
27535.563,0.024,28948.877,0.017,Zeta Markets,2023-10-18 23:13:23.970960
20000.0,0.002,29020.71,0.021,Zeta Markets,2023-10-18 23:13:23.970960
,,29092.544,0.024,Zeta Markets,2023-10-18 23:13:23.970960
,,29900.0,0.003,Zeta Markets,2023-10-18 23:13:23.970960
28376.594,0.258,28376.5941,0.084,Zeta Markets,2023-10-19 01:00:15.844711
28365.242,0.176,28379.6842,0.183,Zeta Markets,2023-10-19 01:00:15.844711
28355.7332,0.509,28399.291,0.01,Zeta Markets,2023-10-19 01:00:15.844711
28351.053,0.528,28402.3874,0.548,Zeta Markets,2023-10-19 01:00:15.844711
28322.673,0.528,28410.649,0.176,Zeta Markets,2023-10-19 01:00:15.844711
28321.6783,1.159,28424.848,0.528,Zeta Markets,2023-10-19 01:00:15.844711
28294.294,0.705,28436.4423,1.461,Zeta Markets,2023-10-19 01:00:15.844711
27939.771,0.01,28453.244,0.528,Zeta Markets,2023-10-19 01:00:15.844711
27800.072,0.014,28481.641,0.705,Zeta Markets,2023-10-19 01:00:15.844711
27730.222,0.017,28790.728,0.01,Zeta Markets,2023-10-19 01:00:15.844711
27660.373,0.021,28934.682,0.014,Zeta Markets,2023-10-19 01:00:15.844711
27590.524,0.024,29006.659,0.017,Zeta Markets,2023-10-19 01:00:15.844711
20000.0,0.002,29078.635,0.021,Zeta Markets,2023-10-19 01:00:15.844711
,,29150.612,0.024,Zeta Markets,2023-10-19 01:00:15.844711
,,29900.0,0.003,Zeta Markets,2023-10-19 01:00:15.844711
28227.1302,0.249,28227.1303,0.011,Zeta Markets,2023-10-19 01:55:19.228793
28215.483,0.01,28229.9535,0.073,Zeta Markets,2023-10-19 01:55:19.228793
28206.3454,0.512,28235.6,0.183,Zeta Markets,2023-10-19 01:55:19.228793
28192.906,0.177,28258.1858,0.55,Zeta Markets,2023-10-19 01:55:19.228793
28172.4667,1.176,28260.637,0.01,Zeta Markets,2023-10-19 01:55:19.228793
28164.685,0.531,28283.241,0.177,Zeta Markets,2023-10-19 01:55:19.228793
28108.243,0.531,28292.0645,1.467,Zeta Markets,2023-10-19 01:55:19.228793
28051.801,0.708,28311.496,0.531,Zeta Markets,2023-10-19 01:55:19.228793
27369.02,0.01,28368.006,0.531,Zeta Markets,2023-10-19 01:55:19.228793
27095.33,0.014,28424.516,0.708,Zeta Markets,2023-10-19 01:55:19.228793
26958.484,0.017,29061.949,0.01,Zeta Markets,2023-10-19 01:55:19.228793
26821.639,0.021,29352.568,0.014,Zeta Markets,2023-10-19 01:55:19.228793
26684.794,0.024,29497.878,0.017,Zeta Markets,2023-10-19 01:55:19.228793
20000.0,0.002,29643.188,0.021,Zeta Markets,2023-10-19 01:55:19.228793
,,29788.498,0.024,Zeta Markets,2023-10-19 01:55:19.228793
,,29900.0,0.003,Zeta Markets,2023-10-19 01:55:19.228793
28185.8303,0.249,28185.8304,0.011,Zeta Markets,2023-10-19 02:20:45.869177
28171.4118,0.513,28188.6498,0.074,Zeta Markets,2023-10-19 02:20:45.869177
28137.5789,1.17,28194.2886,0.184,Zeta Markets,2023-10-19 02:20:45.869177
27751.451,0.01,28216.8439,0.551,Zeta Markets,2023-10-19 02:20:45.869177
27612.693,0.014,28250.6769,1.469,Zeta Markets,2023-10-19 02:20:45.869177
27543.315,0.017,28596.672,0.01,Zeta Markets,2023-10-19 02:20:45.869177
27473.936,0.021,28739.656,0.014,Zeta Markets,2023-10-19 02:20:45.869177
27404.557,0.024,28811.147,0.017,Zeta Markets,2023-10-19 02:20:45.869177
20000.0,0.002,28882.639,0.021,Zeta Markets,2023-10-19 02:20:45.869177
,,28954.131,0.024,Zeta Markets,2023-10-19 02:20:45.869177
,,29900.0,0.003,Zeta Markets,2023-10-19 02:20:45.869177
28229.3633,0.249,28229.3634,0.011,Zeta Markets,2023-10-19 03:13:52.310196
28214.1101,0.512,28232.1871,0.073,Zeta Markets,2023-10-19 03:13:52.310196
28180.2254,1.174,28237.8345,0.183,Zeta Markets,2023-10-19 03:13:52.310196
27796.337,0.01,28260.4243,0.55,Zeta Markets,2023-10-19 03:13:52.310196
27657.355,0.014,28294.3091,1.467,Zeta Markets,2023-10-19 03:13:52.310196
27587.864,0.017,28642.926,0.01,Zeta Markets,2023-10-19 03:13:52.310196
27518.373,0.021,28786.14,0.014,Zeta Markets,2023-10-19 03:13:52.310196
27448.883,0.024,28857.748,0.017,Zeta Markets,2023-10-19 03:13:52.310196
20000.0,0.002,28929.355,0.021,Zeta Markets,2023-10-19 03:13:52.310196
,,29000.962,0.024,Zeta Markets,2023-10-19 03:13:52.310196
,,29900.0,0.003,Zeta Markets,2023-10-19 03:13:52.310196
28218.875,0.259,28218.8751,0.011,Zeta Markets,2023-10-19 04:16:23.383866
28209.17,0.177,28219.9437,0.073,Zeta Markets,2023-10-19 04:16:23.383866
28201.6636,0.512,28225.5887,0.184,Zeta Markets,2023-10-19 04:16:23.383866
